@article{abrassartIntroductionLowTechEnjeux2020,
  title = {{Introduction : Low-Tech et enjeux {\'e}cologiques -- quels potentiels pour affronter les crises ?}},
  shorttitle = {{Introduction}},
  author = {Abrassart, Christophe and Jarrige, Fran{\c c}ois and Bourg, Dominique},
  year = {2020},
  journal = {La Pens{\'e}e {\'e}cologique},
  volume = {5},
  number = {1},
  pages = {1--1},
  publisher = {Presses Universitaires de France},
  doi = {10.3917/lpe.005.0001},
  urldate = {2025-08-22},
  langid = {french},
  keywords = {Low-Tech},
  file = {C:\Users\dogan\Zotero\storage\Q3BCKABZ\revue-la-pensee-ecologique-2020-1-page-1.html}
}

@misc{AcadeCAcademiesConcert,
  title = {{Centre de musique baroque de Versailles | Acad{\'e}C : Les Acad{\'e}mies de Concert en France (1710-1770)}},
  shorttitle = {{Acad{\'e}C}},
  journal = {Centre de musique baroque de Versailles},
  urldate = {2025-08-03},
  abstract = {\&nbsp; Le projet Acad{\'e}C est la premi{\`e}re {\'e}tude globale consacr{\'e}e aux Acad{\'e}mies de musique en France au XVIIIe si{\`e}cle, soci{\'e}t{\'e}s {\`a} l'origine des premiers concerts publics. Il vise {\`a} leur conf{\'e}rer une visibilit{\'e} et mettre en pleine lumi{\`e}re leur r{\^o}le d{\'e}terminant dans la vie intellectuelle et artistique d'Ancien R{\'e}gime. Inscrit dans le sillage des travaux pionniers de Daniel Roche sur les acad{\'e}mies (Le Si{\`e}cle des Lumi{\`e}res en province, 1978), Acad{\'e}C invite {\`a} une r{\'e}flexion pluridisciplinaire sur les soci{\'e}t{\'e}s artistiques. {\`A} ce titre, il est compl{\'e}mentaire des programmes de recherche ACA-RES (Les Acad{\'e}mies d'art et leurs r{\'e}seaux dans la France pr{\'e}industrielle) et, dans le champ musicologique, Mus{\'e}frem (Musiciens d'{\'E}glise en France {\`a} l'{\'e}poque moderne) ou Dez{\`e}de (Archives et chronologies des spectacles) qui documentent la vie musicale en province. Les << Acad{\'e}mies de musique >> ou << Concert >> Les premi{\`e}res <<\,Acad{\'e}mies de musique >> ou << Concerts >> apparaissent dans les ann{\'e}es 1710, et se d{\'e}veloppent de fa{\c c}on consid{\'e}rable entre 1720 et 1750. Leur rapide diss{\'e}mination au sein du maillage urbain du territoire participe aux dynamiques culturelles de la France des Lumi{\`e}res et constitue un ph{\'e}nom{\`e}ne majeur de la vie musicale, celui des premiers concerts en soci{\'e}t{\'e}. Caract{\'e}ris{\'e}es {\`a} leurs d{\'e}buts comme << acad{\'e}mies >> {\`a} part enti{\`e}re, et s'inscrivant par l{\`a} m{\^e}me dans le mouvement g{\'e}n{\'e}ral des soci{\'e}t{\'e}s savantes des XVIIe et XVIIIe si{\`e}cles, les acad{\'e}mies de musique obtiennent rapidement un statut officiel, et se dotent d'une devise, d'un cachet et de r{\`e}glements. Institutions hybrides tenant des soci{\'e}t{\'e}s savantes comme des entreprises de spectacles publics, les Acad{\'e}mies de musique ou Concerts demeurent mal connues en d{\'e}pit du soutien et de la reconnaissance que leur octroyaient les autorit{\'e}s urbaines et/ou monarchiques. C'est l{\`a} un nouveau champ d'{\'e}tude que m{\`e}ne le Centre de musique baroque de Versailles, portant sur des cadres de cr{\'e}ations originaux, un r{\'e}pertoire singulier et un patrimoine {\`a} d{\'e}couvrir. Par la mise en {\oe}uvre d'une enqu{\^e}te {\`a} l'{\'e}chelle de l'ensemble du territoire fran{\c c}ais, Acad{\'e}C a non seulement permis de pr{\'e}ciser une cartographie riche {\`a} ce jour d'une soixantaine de villes, en r{\'e}v{\'e}lant des acad{\'e}mies oubli{\'e}es, mais, plus largement, de documenter la vie de ces institutions. La vari{\'e}t{\'e} des fonds explor{\'e}s a en effet caract{\'e}ris{\'e} le chantier de collecte : archives produites par les acad{\'e}mies elles-m{\^e}mes (fonds musicaux, registres de gestion et comptabilit{\'e}s{\dots}), fonds des institutions urbaines et monarchiques (d{\'e}lib{\'e}rations municipales, sources fiscales ou polici{\`e}res, chroniques urbaines{\dots}). Le traitement des donn{\'e}es dans la base interop{\'e}rable en cours de constitution vise {\`a} faciliter l'acc{\`e}s et l'exploration de cette documentation au-del{\`a} des {\'e}tudes de cas. Ainsi, le projet Acad{\'e}C rend visible la constitution, en province, de la premi{\`e}re forme d'institution de concert qui a inspir{\'e} notamment la cr{\'e}ation du Concert spirituel parisien, des Concerts d'amateurs de la fin du XVIIIe si{\`e}cle et jusqu'aux soci{\'e}t{\'e}s philharmoniques du XIXe si{\`e}cle, qui se sont multipli{\'e}s dans toute la France. En organisant un concert par semaine dans au moins une soixantaine de villes en France et dans les provinces du Nord, les << Acad{\'e}mies de musique >> ou << Concerts >> jouent un r{\^o}le majeur dans la vie de la cit{\'e} par leur implication dans les r{\'e}seaux intellectuels et artistiques, leurs relations avec les pouvoirs locaux et le pouvoir central, et s'affirment comme des lieux essentiels de production, d'ex{\'e}cution et de diffusion du r{\'e}pertoire musical fran{\c c}ais. Affirmant une continuit{\'e} avec les foyers artistiques de la fin du r{\`e}gne de Louis XIV, tout en prenant part plus largement aux r{\'e}seaux acad{\'e}miques europ{\'e}ens, l'acad{\'e}misme musical fran{\c c}ais engendre un bouleversement sans pr{\'e}c{\'e}dent dans le paysage culturel de la France d'Ancien R{\'e}gime. Le mouvement, qui acte aussi l'av{\`e}nement des premiers concerts publics, entra{\^i}ne une mutation sans pr{\'e}c{\'e}dent des espaces, des publics et des r{\'e}pertoires. Bien qu'h{\'e}ritier des foyers artistiques de la fin du r{\`e}gne de Louis XIV, l'acad{\'e}misme musical op{\`e}re une rupture au sein de l'espace public. La recherche d'un id{\'e}al acad{\'e}mique fond{\'e} sur le savoir et l'exp{\'e}rience esth{\'e}tique engendre en effet la remise en question des hi{\'e}rarchies sociales habituellement admises. Ce bouleversement sans pr{\'e}c{\'e}dent du paysage culturel de la France d'Ancien R{\'e}gime aura pour cons{\'e}quence essentielle l'av{\`e}nement des premiers concerts publics qui s'accompagne d'une profonde mutation des espaces, des publics et des r{\'e}pertoires. Plus largement, ce mouvement s'inscrit dans le d{\'e}veloppement des r{\'e}seaux acad{\'e}miques europ{\'e}ens au temps des Lumi{\`e}res. Trois objectifs scientifiques Identifier les institutions et constituer un corpus de ressources  Le premier objectif d'Acad{\`e}C est d'{\'e}tablir une cartographie g{\'e}n{\'e}rale des Acad{\'e}mies de Concert entre 1710 et 1770, d'identifier leurs p{\'e}riodes d'activit{\'e}, caract{\'e}ristiques, interconnections, et d'en recenser les acteurs. Il s'agira de constituer et d'inventorier un corpus h{\'e}t{\'e}rog{\`e}ne (textes officiels, archives administratives, collections musicales et th{\'e}oriques) souvent non signal{\'e} ou catalogu{\'e} dans des fonds et institutions diverses. Proposer une {\'e}tude globale de l'acad{\'e}misme musical Le deuxi{\`e}me objectif est de caract{\'e}riser un fait majeur de l'Europe des Lumi{\`e}res absent jusqu'{\`a} pr{\'e}sent des recherches musicologiques et que nous appellerons l'<<\&nbsp;acad{\'e}misme musical\&nbsp;>>\&nbsp;en cherchant {\`a} le d{\'e}finir, le p{\'e}riodiser, identifier des p{\^o}les g{\'e}ographiques, sa place au sein de l'acad{\'e}misme europ{\'e}en, et en d{\'e}gager les probl{\'e}matiques essentielles. Porter un regard renouvel{\'e} sur le r{\'e}pertoire musical et ses pratiques Le troisi{\`e}me objectif est d'identifier, d'{\'e}tudier et de d{\'e}fendre un patrimoine musical fran{\c c}ais mal connu et in{\'e}dit. Le r{\'e}pertoire des provinces ne saurait {\^e}tre consid{\'e}r{\'e} comme un r{\'e}pertoire annexe, voire anecdotique, mais m{\'e}rite, au vu des premiers {\'e}l{\'e}ments d'analyse, d'{\^e}tre r{\'e}{\'e}valu{\'e}. Il constitue un t{\'e}moin de premier ordre des pratiques musicales fran{\c c}aises et de la diffusion des genres. Trois hypoth{\`e}ses de recherche Les Acad{\'e}mies de Concert constituent un quatri{\`e}me lieu pour la musique, au m{\^e}me titre que l'{\'E}glise, le Th{\'e}{\^a}tre, et les cercles aristocratiques. V{\'e}ritable moteur de la vie culturelle fran{\c c}aise, {\`a} l'identit{\'e} propre, elles doivent figurer {\`a} leur juste place comme un fait majeur de l'histoire musicale. Il est urgent d'amorcer une r{\'e}flexion sur l'{\'e}mergence du Concert et la diffusion des r{\'e}pertoires dans ce cadre sp{\'e}cifique, et d'analyser la nouvelle dynamique insuffl{\'e}e par la cr{\'e}ation des Acad{\'e}mies de Concert {\`a} partir de 1710. Il faut d{\'e}passer l'opposition centre/provinces, et reconsid{\'e}rer la relation entre le centre (Paris/Versailles) et les p{\'e}riph{\'e}ries. Les foyers de cr{\'e}ation sont relativement {\'e}mancip{\'e}s des mod{\`e}les parisiens ou versaillais,\&nbsp;et la diffusion des {\oe}uvres et les carri{\`e}res artistiques suivent des trajectoires g{\'e}ographiques diverses. Il faut alors proposer un regard neuf et {\'e}largi qui {\'e}clairera en retour les lieux de productions parisiens, la d{\'e}finition des genres, et replacera la vie provinciale dans un contexte europ{\'e}en plus large. Les Acad{\'e}mies de Concert ont su se doter d'un r{\'e}pertoire singulier. Elles ont adapt{\'e} {\`a} leurs pratiques des genres musicaux issus de cadres d'ex{\'e}cution diff{\'e}rents des leurs, c'est-{\`a}-dire r{\'e}gis par des contraintes (liturgie ou mise en sc{\`e}ne), une {\'e}conomie, un espace et une sociologie autres. Comme le montre l'{\'e}tude de la musique d'{\'E}glise en France, il faut s'affranchir de la vision d'une {\oe}uvre d{\'e}finie exclusivement par l'acte cr{\'e}ateur, et consid{\'e}rer les modalit{\'e}s polymorphes de sa diffusion (reprises et arrangements) comme autant d'existences manifestes, pour affirmer en cons{\'e}quence la l{\'e}gitimit{\'e} de la production provinciale. Chantier de collecte et base de donn{\'e}es Le programme de recherche Acad{\'e}C int{\`e}gre un vaste chantier de collecte en archives. Plac{\'e} sous la direction de B{\'e}n{\'e}dicte Hertz et de Pauline Lemaigre-Gaffier (UVSQ, Paris-Saclay), il vise {\`a} identifier et rassembler l'ensemble de la documentation relative aux acad{\'e}mies de musique ou Concerts actifs en France depuis leur cr{\'e}ation dans les ann{\'e}es 1700 jusque vers 1770. La collecte, en cours, a d{\'e}but{\'e} en f{\'e}vrier 2022, par des missions de terrain ponctuelles financ{\'e}es par l'Agence nationale de la recherche. Le partage d'une documentation d{\'e}j{\`a} constitu{\'e}e par des contributeurs vient {\'e}galement l'enrichir sur des territoires sp{\'e}cifiques. Les {\'e}tudes et le traitement des institutions pr{\'e}sentent ainsi une grande h{\'e}t{\'e}rog{\'e}n{\'e}it{\'e}, cons{\'e}quence {\`a} la fois de l'{\'e}tendue variable des sources disponibles et de celle des recherches in situ. La documentation est polymorphe et rassemble aussi bien les textes normatifs (lettres patentes, statuts et r{\`e}glements) que les archives administratives (registres acad{\'e}miques, pi{\`e}ces comptables, d{\'e}lib{\'e}rations municipales, inventaires{\dots}), les sources musicales (partitions g{\'e}n{\'e}rales et parties s{\'e}par{\'e}es), les livrets de paroles de concert, la correspondance de soci{\'e}taires, les {\'e}crits sur la musique (m{\'e}moires et essais th{\'e}oriques), les entrefilets parus dans la presse, les pamphlets et po{\`e}mes satiriques, les billets d'entr{\'e}e et affiches, les journaux et m{\'e}moires de contemporains, ainsi que des {\'e}l{\'e}ments iconographiques (embl{\`e}mes acad{\'e}miques, marques d'imprimeur, d{\'e}cors de salle, portraits{\dots}). Les sources collect{\'e}es viendront nourrir une base de donn{\'e}es h{\'e}berg{\'e}e sur le site du CMBV (en cours de construction, publication 2025). Cette interface donnera {\`a} la fois acc{\`e}s {\`a} l'ensemble de la documentation rassembl{\'e}e sous forme de biblioth{\`e}que num{\'e}rique, {\`a} une synth{\`e}se par institution, ainsi qu'{\`a} une bibliographie d{\'e}taill{\'e}e. S{\'e}minaires de recherche 	2022-2023 	S{\'e}minaire th{\'e}matique << L'Acad{\'e}misme musical >> (3 s{\'e}ances) 	Responsables scientifiques : Ir{\`e}ne Passeron, M{\'e}lanie Traversier et Thomas Vernet 	2023-2024 	S{\'e}minaire th{\'e}matique << Les r{\'e}seaux >> (3 s{\'e}ances) 	Responsables scientifiques : B{\'e}n{\'e}dicte Hertz et Thomas Vernet 	2024-2025 	S{\'e}minaire th{\'e}matique << R{\'e}pertoires et pratiques musicales >> (3 s{\'e}ances) 	Responsables scientifiques : Nathalie Berton-Blivet et B{\'e}n{\'e}dicte Hertz Colloque conclusif 5-7 novembre 2025 Versailles, Centre de musique baroque de Versailles En savoir plus {\'e}quipe COMIT{\'E}\&nbsp;SCIENTIFIQUE Pierre-Yves Beaurepaire (Hist. moderne), Universit{\'e} C{\^o}te d'Azur Youri Carbonnier (Histoire moderne), Universit{\'e} d'Artois B{\'e}n{\'e}dicte Hertz (Musicologie), CMBV-CESR Rapha{\"e}lle Legrand (Musicologie), Sorbonne-Universit{\'e} Pauline Lemaigre-Gaffier (Histoire moderne), Universit{\'e} Paris-Saclay Ir{\`e}ne Passeron (Histoire des sciences), IMJ-PRG {\'E}milie Roffidal (Histoire de l'art), FRAMESPA Thomas Soury (Musicologie), Universit{\'e} Lumi{\`e}re-Lyon 2 M{\'e}lanie Traversier\&nbsp;(Histoire), Universit{\'e} de Lille, IRHIS St{\'e}phane Van Damme (Histoire moderne), ENS-PSL Thomas Vernet (Musicologie), Fondation Royaumont {\'E}QUIPE ARTISTIQUE \hspace{0pt} Associ{\'e}e {\`a} l'{\'e}tude et {\`a} la valorisation du r{\'e}pertoire, l'{\'e}quipe artistique est constitu{\'e}e autour de Fabien Armengaud (Directeur artistique et musical des Pages et des Chantres du CMBV) et int{\`e}gre\&nbsp;une vis{\'e}e p{\'e}dagogique. Elle est renforc{\'e}e par des collaborations avec des ensembles musicaux professionnels partenaires du CMBV et de la Fondation Royaumont, ainsi qu'avec des d{\'e}partements de musique ancienne des Conservatoires (CNSMDL et CNSMDP, CRR de Paris, CRR de Versailles). partenaires Partenaires principaux\&nbsp; 	Fondation\&nbsp;Royaumont 	Institut de recherche en musicologie (IReMus) Institutions partenaires\&nbsp; 	Acad{\'e}mies des Sciences, Belles-Lettres et Arts de Lyon 	Archives municipales de Lyon 	Biblioth{\`e}que municipale de Lyon 	Conservatoire National Sup{\'e}rieur Musique et Danse de Lyon (CNSMDL)},
  url = {https://cmbv.fr/fr/tous-les-projets/acadec-les-academies-de-concert-en-france-1710-1770},
  langid = {french},
  keywords = {CMBV},
  file = {C:\Users\dogan\Zotero\storage\BZWSBPC8\acadec-les-academies-de-concert-en-france-1710-1770.html}
}

@misc{ACATUSInformatiqueActeur,
  title = {{ACATUS Informatique - Acteur du num{\'e}rique}},
  journal = {Acatus Informatique},
  urldate = {2025-08-07},
  abstract = {ACATUS Informatique est une ESN d'Orl{\'e}ans (45) {\'e}galement pr{\'e}sente {\`a} Paris (75) inscrite dans une d{\'e}marche de R\&D-I.},
  url = {https://www.acatus.fr/},
  langid = {french},
  keywords = {Technologies},
  file = {C:\Users\dogan\Zotero\storage\QCVFSTTA\www.acatus.fr.html}
}

@book{accartMediationHeureNumerique2016,
  title = {{La m{\'e}diation {\`a} l'heure du num{\'e}rique}},
  author = {Accart, Jean-Philippe},
  year = {2016},
  publisher = {{\'E}ditions du Cercle de la Librairie},
  issn = {0184-0886},
  doi = {10.3917/elec.accar.2016.01},
  urldate = {2025-07-09},
  abstract = {Biblioth{\`e}ques},
  isbn = {978-2-7654-1505-3},
  langid = {french},
  keywords = {Informatique-en-bibli},
  file = {C:\Users\dogan\Zotero\storage\XDPK4GLK\la-mediation-a-l-heure-du-numerique--9782765415053.html}
}

@incollection{andjarwirawanVarnishWebCache2015,
  title = {Varnish {{Web Cache Application Evaluation}}},
  booktitle = {Communications in {{Computer}} and {{Information Science}}},
  author = {Andjarwirawan, Justinus and Gunawan, Ibnu and Kusumo, Eko Bayu},
  year = {2015},
  series = {Communications in {{Computer}} and {{Information Science}}},
  volume = {516},
  pages = {404--410},
  publisher = {Springer Berlin Heidelberg},
  address = {Berlin, Heidelberg},
  issn = {1865-0929},
  doi = {10.1007/978-3-662-46742-8_37},
  abstract = {Websites today have static and dynamic contents that concern many people about the performance. People will leave or not returning the website because of loading time that is taking too long. One way to speed up a website access is by utilising web applications using Varnish cache. Varnish will store static content from a website in the memory. Static data is data that changes infrequently or rarely updated. A front end for web administrators was built for Varnish application so that the configuration can be done easily. The configuration that will be simplified through the front end of this Varnish application is detecting SQL injection and Cross Site Scripting (XSS), block files and folders, HTTP header manipulation, detects the original file whether it is deleted or blocked and error handling configuration. The front end application is implemented on Linux platform. Varnish application was tested using ApacheBench where the number of requests from the client and the response time become the main parameters of the test.},
  collaborator = {Intan, Rolly and Palit, Henry N. and Santoso, Leo W. and Chi, Chi-Hung},
  isbn = {978-3-662-46741-1},
  langid = {english},
  keywords = {Technologies}
}

@phdthesis{antoinevincentPreservationUvresMusicales2010,
  type = {{M{\'e}moire}},
  title = {{Preservation d'oeuvres musicales - Etude du processus de production}},
  author = {{Antoine Vincent}},
  year = {2010},
  address = {Compi{\`e}gne},
  urldate = {2025-07-26},
  langid = {french},
  school = {Universite de Technologie de Compiegne},
  keywords = {Informatique-en-bibli},
  file = {C:\Users\dogan\Zotero\storage\AI6BZNWF\index.pdf}
}

@misc{AppelProjetPour2025,
  title = {Appel {\`a} Projet Pour Une {\'E}tude  Pr{\'e}alable {\`a} La Migration Du  Syst{\`e}me {{Musefrem}} - {{Cahier}} Des Charges},
  year = {2025},
  month = apr,
  publisher = {Centre de musique baroque de Versailles},
  keywords = {Source-primaire},
  file = {C:\Users\dogan\Zotero\storage\YDRLUKTT\cmbv-musefrem-cahier-des-charges-etude-prealable_280425.pdf}
}

@article{asselinLogicielsPourBibliotheques2024,
  title = {{Logiciels pour biblioth{\`e}ques : march{\'e} en hausse, ventes en recul}},
  shorttitle = {{Logiciels pour biblioth{\`e}ques}},
  author = {Asselin, Emmanuelle and Maisonneuve, Marc},
  year = {2024},
  month = jul,
  journal = {Archimag},
  volume = {373},
  number = {3},
  pages = {31--37},
  publisher = {Serda Archimag},
  issn = {2260-166X},
  doi = {10.3917/arma.373.0031},
  urldate = {2025-08-19},
  langid = {french},
  keywords = {Informatique-en-bibli},
  file = {C:\Users\dogan\Zotero\storage\K9BBQ3AF\magazine-archimag-2024-3-page-31.html}
}

@incollection{atzeniTemporalContentManagement2012,
  title = {Temporal {{Content Management}} and {{Website Modeling}}: {{Putting Them Together}}},
  shorttitle = {Temporal {{Content Management}} and {{Website Modeling}}},
  booktitle = {Transactions on {{Large-Scale Data-}} and {{Knowledge-Centered Systems V}}},
  author = {Atzeni, Paolo and Del Nostro, Pierluigi and Paolozzi, Stefano},
  year = {2012},
  series = {Lecture {{Notes}} in {{Computer Science}}},
  volume = {7100},
  pages = {158--182},
  publisher = {Springer Berlin / Heidelberg},
  address = {Germany},
  issn = {0302-9743},
  doi = {10.1007/978-3-642-28148-8_7},
  abstract = {The adoption of high-level models for temporal, data-intensive Web sites is proposed together with a methodology for the design and development through a content management system (CMS). The process starts with a traditional ER scheme; the various steps lead to a temporal ER scheme, to a navigation scheme (called N-ER) and finally to a logical scheme (called T-ADM). The logical model allows the definition of page-schemes with temporal aspects (which could be related to the page as a whole or to individual components of it). Each model considers the temporal features that are relevant at the respective level. A content management tool associated with the methodology has been developed: from a typical content management interface it automatically generates both the relational database (with the temporal features needed) supporting the site and the actual Web pages, which can be dynamic (JSP) or static (plain HTML or XML), or a combination thereof. The tool also includes other typical features of content management all integrated with temporal features.},
  collaborator = {Hameurlain, Abdelkader and Wagner, Roland and K{\"u}ng, Josef},
  isbn = {978-3-642-28147-1},
  langid = {english},
  keywords = {Technologies}
}

@misc{BABELSCORESBibliothequeLigne,
  title = {{BnF - Site institutionnel | BABELSCORES, biblioth{\`e}que en ligne de musique contemporaine}},
  journal = {BnF - Site institutionnel},
  urldate = {2025-07-26},
  abstract = {BnF - Site institutionnel},
  url = {https://www.bnf.fr/fr/babelscores-bibliotheque-en-ligne-de-musique-contemporaine},
  langid = {french},
  keywords = {Informatique-en-bibli},
  file = {C:\Users\dogan\Zotero\storage\58XP55B4\babelscores-bibliotheque-en-ligne-de-musique-contemporaine.html}
}

@article{baratsFadingAwayChallenge2020,
  title = {Fading {{Away}}... {{The}} Challenge of Sustainability in Digital Studies},
  author = {Barats, Christine and Schafer, Val{\'e}rie and Fickers, Andreas},
  year = {2020},
  urldate = {2025-07-07},
  abstract = {[...]data management covers the whole life cycle of a research project, from data selection to their curation and description, from analyse and interpreting data to its publication and long term storage. [...]a sustainable stewardship of research data includes a strategy for the readability, maintenance and transparency of those data [Hoekstra and Koolen 2018]. The present study examines all stages of research, from data collection to the dissemination of knowledge, and underlines that challenges are not limited to the technical maintenance of software, tools and data, but also apply to the wider institutional contexts, epistemic traditions and social practices in which the doing of research in humanities and social sciences are embedded. [...]the topic at stake necessitates a broader reflection on the institutional, economic and political dimensions of knowledge production, dissemination and conservation in the digital era [Musiani and Schafer 2017]. In promoting this holistic approach, we aim at addressing the inherent tension between different temporalities at stake: between the long-term needs of data preservation and maintenance on the one side, and the paradoxically short life cycles of the data formats, platforms and infrastructures on the other side.},
  chapter = {Articles},
  copyright = {{\copyright} 2020. This work is published under http://creativecommons.org/licenses/by-nd/4.0/  (the ``License'').  Notwithstanding the ProQuest Terms and Conditions, you may use this content in accordance with the terms of the License.},
  langid = {english},
  keywords = {Eco-conception}
}

@article{barbryDroitsAuteurDroits1997,
  title = {{Droits d'auteur et droits voisins en mati{\`e}re musicale : panorama g{\'e}n{\'e}ral}},
  shorttitle = {{Droits d'auteur et droits voisins en mati{\`e}re musicale}},
  author = {Barbry, {\'E}ric and Atellian, Fr{\'e}d{\'e}ric},
  year = {1997},
  journal = {LEGICOM},
  volume = {13},
  number = {1},
  pages = {5--16},
  publisher = {Victoires {\'e}ditions},
  issn = {1244-9288},
  doi = {10.3917/legi.013.0005},
  urldate = {2025-08-26},
  chapter = {Arts},
  langid = {french},
  keywords = {Droit}
}

@misc{BaseDonneesPHILIDOR42024,
  title = {{Base de donn{\'e}es PHILIDOR4 : Introduction, contenu et m{\'e}thodes de recherche}},
  year = {2024},
  month = nov,
  publisher = {Centre de Musique Baroque de Versailles},
  langid = {fre},
  keywords = {Source-primaire}
}

@misc{BaseFossard,
  title = {{Centre de musique baroque de Versailles | Base Fossard}},
  journal = {Centre de musique baroque de Versailles},
  urldate = {2025-08-04},
  abstract = {Toutes les publications scientifiques num{\'e}riques du CMBV, ainsi que les archives scientifiques (papier ou num{\'e}riques)},
  url = {https://cmbv.fr/fr/ressources/ressources-numeriques/base-fossard},
  langid = {french},
  keywords = {CMBV},
  file = {C:\Users\dogan\Zotero\storage\27IU2VNN\base-fossard.html}
}

@misc{BasesDonneesAcadeC,
  title = {{Carnet Hypoth{\`e}se | Bases de donn{\'e}es Acad{\'e}C - Carnet Hypoth{\`e}se}},
  journal = {Carnet Hypoth{\`e}se},
  urldate = {2025-08-10},
  abstract = {Bases de donn{\'e}es du projet Acad{\'e}C Une bibliographie Une bibliographie num{\'e}rique {\'e}manant du projet Acad{\'e}C est d{\`e}s {\`a} pr{\'e}sent accessible sur Zotero (logiciel gratuit, libre et open source qui s'inscrit dans la politique de...},
  url = {https://acadec.hypotheses.org/base-de-donnees},
  langid = {french},
  keywords = {CMBV},
  file = {C:\Users\dogan\Zotero\storage\VHUWHCJH\base-de-donnees.html}
}

@book{batsConstruirePratiquesParticipatives2015,
  title = {{Construire des pratiques participatives dans les biblioth{\`e}ques}},
  editor = {Bats, Rapha{\"e}lle},
  year = {2015},
  publisher = {Presses de l'enssib},
  address = {Villeurbanne},
  doi = {10.4000/books.pressesenssib.4137},
  urldate = {2025-07-26},
  abstract = {Participer et faire participer les citoyens, les publics ? Qui participe, comment et jusqu'o{\`u} ? Que devient le professionnel avec ce nouveau paradigme ? Comment emporter l'adh{\'e}sion des habitants ?  	De plus en plus de biblioth{\`e}ques s'engagent activement dans la participation, selon des modalit{\'e}s et des niveaux d'implication vari{\'e}s. Cette mutation des pratiques renouvelle les r{\'e}flexions engag{\'e}es autour des publics : ne plus seulement mettre les publics au centre du cercle mais cr{\'e}er les conditions pour les accompagner {\`a} dessiner ce cercle.  	Empowerment, co-construction, crowdsourcing, savoirs partag{\'e}s, participation d{\'e}mocratique{\dots} cet ouvrage permet de clarifier les notions attach{\'e}es aux dynamiques participatives et propose un cadre de r{\'e}flexion qui permettra aux biblioth{\'e}caires de construire leurs modes d'action entre PirateBox, BiblioRemix, comit{\'e}s d'usagers, design de service et autres formes de projets participatifs.  	Organis{\'e} en trois parties - Repenser la biblioth{\`e}que ensemble, Partager les savoirs, D{\'e}cider ensemble ? -- ce volume pr{\'e}sente {\'e}galement un ensemble de t{\'e}moignages de praticiens du sujet, en France et aux {\'E}tats-Unis, de la pr{\'e}figuration d'une biblioth{\`e}que {\`a} son r{\'e}am{\'e}nagement, en passant par la cr{\'e}ation de plateformes collaboratives et de nouveaux services. L'exp{\'e}rience d'un mus{\'e}e et l'aventure d'un centre social viennent enrichir le panorama.},
  copyright = {https://www.openedition.org/12554},
  isbn = {979-10-91281-58-4 978-2-37546-069-6},
  langid = {french},
  keywords = {Informatique-en-bibli},
  file = {C:\Users\dogan\Zotero\storage\NE8JM9WH\Bats - 2015 - Construire des pratiques participatives dans les b.pdf}
}

@inproceedings{bechhoferHelloClevelandLinked2013,
  title = {Hello {{Cleveland}}! {{Linked Data Publication}} of {{Live Music Archives}}},
  booktitle = {2013 14th {{International Workshop}} on {{Image Analysis}} for {{Multimedia Interactive Services}} ({{WIAMIS}})},
  author = {Bechhofer, Sean and Page, Kevin and De Roure, David},
  year = {2013},
  month = jul,
  pages = {1--4},
  publisher = {IEEE},
  address = {Paris, France},
  doi = {10.1109/wiamis.2013.6616155},
  urldate = {2025-07-26},
  abstract = {We describe the publication of a linked data set exposing metadata from the Internet Archive Live Music Archive. The collection provides access to recorded performances and is linked to existing musical and geographical resources. The dataset contains over 17,000,000 triples describing 100,000 performances by 4,000 artists.},
  langid = {english},
  keywords = {Informatique-en-bibli},
  file = {C:\Users\dogan\Zotero\storage\RMY4AUAB\Bechhofer et al. - 2013 - Hello cleveland&#x0021; Linked data publication of.pdf}
}

@article{benzingLuwakContentManagement2006,
  title = {Luwak: A Content Management Solution},
  shorttitle = {Luwak},
  author = {Benzing, Matt},
  year = {2006},
  journal = {Library hi tech},
  volume = {24},
  number = {1},
  pages = {8--13},
  publisher = {Emerald Group Publishing Limited},
  address = {Bradford},
  issn = {0737-8831},
  doi = {10.1108/07378830610652077},
  abstract = {Purpose - To inform librarians about the benefits, costs, and technologies involved in implementing a content management system.Design methodology approach - A discussion of how XML is used to separate content from presentation, how this technology is used in a home-grown freeware application, and the results of converting a static website into a database driven one through the use of this application.Findings - Demonstrates that converting to a dynamic, application driven web site results in a more flexible, efficient, and consistent web presence.Research limitations implications - Every library is unique and what worked well at Rensselaer might not work as well elsewhere. Luwak is currently only available to organizations at Rensselaer.Practical implications - A useful primer on how a conversion like this happens and on the sort of features that can make a database driven web application run smoothly.Originality value - This paper provides a unique account of one libraries' experience in making the sort of transition that will become increasingly important for all library web sites.},
  langid = {english},
  keywords = {Edition}
}

@article{bermesCasPublierDonnees2013,
  title = {{Cas A : Publier des donn{\'e}es en RDF}},
  shorttitle = {{Cas A}},
  author = {Berm{\`e}s, Emmanuelle and Isaac, Antoine and Poupeau, Gautier},
  year = {2013},
  journal = {Biblioth{\`e}ques},
  pages = {69--122},
  publisher = {{\'E}ditions du Cercle de la Librairie},
  issn = {0184-0886},
  urldate = {2025-08-21},
  isbn = {9782765414179},
  langid = {french},
  keywords = {Informatique-en-bibli},
  file = {C:\Users\dogan\Zotero\storage\VAH7UN5E\le-web-semantique-en-bibliotheque--9782765414179-page-69.html}
}

@misc{bermesMoteursRecherche2007,
  title = {{Les moteurs de recherche}},
  author = {Berm{\`e}s, Emmanuelle},
  year = {2007},
  month = jan,
  urldate = {2025-08-29},
  abstract = {Derri{\`e}re la n{\'e}cessaire simplicit{\'e} d'usage d'un moteur de recherche, principal point d'acc{\`e}s {\`a} la collection en ligne d'une biblioth{\`e}que num{\'e}rique, se trouve un outil complexe dont il faut comprendre et ma{\^i}triser le fonctionnement. Les moteurs de recherche doivent en effet, {\`a} partir des donn{\'e}es structur{\'e}es fournies par les notices bibliographiques et du plein texte, optimiser la pertinence des r{\'e}sultats d'une recherche simple en fonction des besoins des utilisateurs -- notamment gr{\^a}ce {\`a} la pond{\'e}ration et {\`a} l'analyse statistique -- mais {\'e}galement proposer des interfaces de recherche avanc{\'e}e qui donnent une vision spatiale de la collection.},
  url = {https://bbf.enssib.fr/consulter/bbf-2007-06-0005-001},
  langid = {french},
  keywords = {Technologies},
  file = {C:\Users\dogan\Zotero\storage\A6J9UZJF\bbf-2007-06-0005-001.html}
}

@incollection{bermesVersCatalogueOriente2016,
  title = {{Vers un catalogue orient{\'e} entit{\'e}s : la FRBRisation des catalogues}},
  shorttitle = {{Vers un catalogue orient{\'e} entit{\'e}s}},
  booktitle = {{Vers de nouveaux catalogues}},
  author = {Berm{\`e}s, Emmanuelle},
  year = {2016},
  pages = {25--35},
  publisher = {{\'E}ditions du Cercle de la Librairie},
  issn = {0184-0886},
  doi = {10.3917/elec.berme.2016.01.0025},
  urldate = {2025-08-19},
  langid = {french},
  keywords = {Informatique-en-bibli},
  file = {C:\Users\dogan\Zotero\storage\NKZE6EF8\vers-de-nouveaux-catalogues--9782765415138-page-25.html}
}

@book{bermesVersNouveauxCatalogues,
  title = {{Vers de nouveaux catalogues}},
  author = {Berm{\`e}s, Emmanuelle},
  series = {{Biblioth{\`e}ques}},
  publisher = {{\'E}ditions du Cercle de la Librairie},
  address = {Paris},
  doi = {10.3917/elec.berme.2016.01},
  abstract = {Peut-on parler de << nouveaux >> catalogues alors qu'au cours des derni{\`e}res d{\'e}cennies, les catalogues de biblioth{\`e}ques n'ont cess{\'e} de se r{\'e}inventer ? Des premi{\`e}res heures de l'informatisation aux OPAC dits de << nouvelle g{\'e}n{\'e}ration >>, des syst{\`e}mes int{\'e}gr{\'e}s de gestion de biblioth{\`e}que (SIGB) aux portails de d{\'e}couverte, les catalogues n'ont cess{\'e} de pr{\'e}senter des visages pluriels. Pourtant, l'irruption du Web, le passage au num{\'e}rique d'une partie significative des ressources documentaires et la remise en cause des formats MARC sont autant de tendances de long terme qui obligent les catalogues {\`a} se renouveler. Avec l'{\'e}mergence d'un nouvel environnement technologique de la << data >> (open data, linked data, data visualisation, big data{\dots}), ce ne sont plus tant les catalogues qui comptent que les donn{\'e}es qu'ils contiennent, notamment lorsqu'il s'agit de leur diffusion sur le Web.Le paysage actuel des catalogues, tel qu'il se dresse {\`a} la lecture des contributions au pr{\'e}sent ouvrage, voit les syst{\`e}mes et pratiques {\'e}voluer de mani{\`e}res diverses, prenant inspiration dans un environnement technologique extr{\^e}mement stimulant, qui favorise les coop{\'e}rations et l'inventivit{\'e} et ouvre de nouveaux possibles. Loin de c{\'e}der {\`a} une vision pessimiste des catalogues traditionnels, c{\oe}ur de m{\'e}tier des biblioth{\`e}ques, menac{\'e}s de disparition, il laisse esp{\'e}rer l'{\'e}mergence de << nouveaux catalogues >>, qui n'en porteront peut-{\^e}tre plus le nom, mais continueront {\`a} constituer la plateforme technologique sur laquelle se construit la mission premi{\`e}re des biblioth{\`e}ques : l'acc{\`e}s de tous {\`a} la connaissance et aux savoirs.},
  langid = {french},
  keywords = {Informatique-en-bibli}
}

@incollection{bihouixHighTechOuLowTech2022,
  title = {{High-Tech ou Low-Tech~?}},
  booktitle = {{{\'E}cologies}},
  author = {Bihouix, Philippe},
  year = {2022},
  pages = {565--572},
  publisher = {La D{\'e}couverte},
  doi = {10.3917/dec.bours.2023.01.0565},
  isbn = {978-2-348-07688-6},
  langid = {fre},
  keywords = {Low-Tech}
}

@article{bihouixTransitionEnergetiquePeutelle2019,
  title = {{La transition {\'e}nerg{\'e}tique peut-elle {\^e}tre low-tech~?}},
  author = {Bihouix, Philippe},
  year = {2019},
  journal = {La revue internationale et strat{\'e}gique},
  volume = {113},
  number = {1},
  pages = {97--106},
  publisher = {IRIS {\'e}ditions},
  issn = {1287-1672},
  doi = {10.3917/ris.113.0097},
  isbn = {9782200932169},
  langid = {fre},
  keywords = {Eco-conception,Low-Tech}
}

@article{brabbanForgetStaticGet2001,
  title = {Forget 'Static': Get 'Dynamic'! {{Using Active Server Pages}} to Manage Electronic Resources : {{Web Site Design}} and {{Content Management}}},
  shorttitle = {Forget 'Static'},
  author = {BRABBAN, Philip James and KOBASA, Paul},
  year = {2001},
  journal = {VINE. Very informal newsletter on library automation},
  number = {124},
  pages = {27--35},
  publisher = {Emerald},
  address = {Bradford},
  issn = {0305-5728},
  langid = {english},
  keywords = {Low-Tech}
}

@misc{braudJourneesAccelerationICCARELAB2025,
  type = {{Billet}},
  title = {{Journ{\'e}es d'acc{\'e}l{\'e}ration de l'ICCARE-LAB -- ``Partition et num{\'e}rique''}},
  author = {Braud, Augustin},
  year = {2025},
  month = feb,
  journal = {Musica2},
  issn = {2492-8941},
  doi = {10.58079/13cb7},
  urldate = {2025-08-08},
  abstract = {Plusieurs membres du Consortium HN Musica2 {\'e}taient pr{\'e}sents aux premi{\`e}res journ{\'e}es d'acc{\'e}l{\'e}ration du secteur Musique du PEPR ICCARE, accueillies au Centre de Musique Baroque de Versailles et consacr{\'e}es aux probl{\'e}matiques inh{\'e}rentes {\`a} l'{\'e}dition num{\'e}rique. R{\'e}unissant {\'e}diteurs, musicologues, biblioth{\'e}caires et musiciens, ces deux journ{\'e}es ont {\'e}t{\'e} l'occasion d'aborder des sujets aussi divers que l'encodage de la {\dots} Continuer la lecture de <<~Journ{\'e}es d'acc{\'e}l{\'e}ration de l'ICCARE-LAB -- ``Partition et num{\'e}rique''~>>},
  langid = {french},
  keywords = {CMBV},
  file = {C:\Users\dogan\Zotero\storage\8PXYYIXY\6366.html}
}

@article{buchernicolasSciencesPartageesPuisqu2022,
  title = {{Sciences partag{\'e}es : Puisqu'il n'y a qu'une seule premi{\`e}re fois{\dots}}},
  author = {{Bucher, Nicolas}},
  year = {2022},
  month = may,
  journal = {La Lettre de l'InSHS},
  number = {n{$^\circ$}77},
  pages = {pp. 15-17},
  urldate = {2025-07-07},
  langid = {fre},
  keywords = {CMBV},
  file = {C:\Users\dogan\Zotero\storage\IGMJSBT5\lettre_infoINSHS_77.pdf}
}

@article{buchRelireIngardenOntologie2013,
  title = {{Relire Ingarden : l'ontologie des oeuvres musicales, entre fictions et montagnes}},
  shorttitle = {{Relire Ingarden}},
  author = {Buch, Esteban},
  year = {2013},
  month = sep,
  journal = {Intersections},
  volume = {32},
  number = {1-2},
  pages = {61--81},
  issn = {1918-512X, 1911-0146},
  doi = {10.7202/1018579ar},
  urldate = {2025-08-26},
  abstract = {Qu'est-ce qu'une oeuvre musicale?~               La question ontologique soulev{\'e}e par Roman Ingarden dans sa critique de la ph{\'e}nom{\'e}nologie de Husserl a de nombreux points communs avec la querelle du ``platonisme musical'' d{\'e}ploy{\'e}e dans les ann{\'e}es quatre-vingt par des philosophes analytiques tels que Jerrold Levinson et Peter Kivy. En 1992,~Lydia Goehr a propos{\'e} une historicisation radicale du concept d'oeuvre musicale, sans pour autant liquider un projet ontologique qui, tout r{\'e}cemment, insiste dans les r{\'e}flexions de Roger Pouivet {\`a} propos de ``l'oeuvre musicale rock''. Cet article fait le point sur ces d{\'e}bats philosophiques avant de signaler la crise sociologique de la notion d'oeuvre li{\'e}e au virage num{\'e}rique et {\`a} la fragmentation du r{\'e}pertoire classique selon les standards de l'industrie culturelle. Reprenant la d{\'e}finition d'Ingarden de ``l'objet purement intentionnel'' {\`a} partir de cet {\'e}branlement du sens commun, il compare pour finir le statut ontologique de l'oeuvre musicale {\`a} celui des {\^e}tres de fiction, un personnage de roman par exemple, ainsi qu'{\`a} celui d'entit{\'e}s qui, telles les montagnes {\'e}voqu{\'e}es par la ``th{\'e}orie granulaire de la r{\'e}alit{\'e}'' de Barry Smith, r{\'e}sultent de la projection d'une pratique langagi{\`e}re sur la surface sonore du monde.                        ,              What is a musical work? This ontological question raised by Roman Ingarden in his work critical of Husserl's phenomenology presents numerous common aspects with the issue of ``musical Platonism'' which was developed in the 1980s by analytic philosophers such as Jerrold Levinson and Peter Kivy. In 1992, Lydia Goehr put forward a radical historicization of the concept of musical work, without nonetheless discarding an ontological project, recently stressed in Roger Pouivet's considerations on the ``rock musical work.'' This essay sums up these philosophical debates and underlines the sociological crisis of the concept of work in the context of the digital revolution and the fragmentation of the classical repertoire required by the cultural industry. Considering Ingarden's definition of the ``purely intentional object'' from the point of view of the common sense's destabilization, this study compares the ontological status of the musical work to that of fictional beings, such as a novel character, as well as to that of entities, such as the mountains echoed by Barry White's ``granular theory of reality,'' emerging from the projection of language usages onto the audible world.},
  langid = {french},
  keywords = {Musicologie},
  file = {C:\Users\dogan\Zotero\storage\QBJ5T89U\Buch - 2013 - Relire Ingarden  l’ontologie des oeuvres musicale.pdf}
}

@misc{centredemusiquebaroquedeversaillesProjetEtablissement2022,
  title = {Projet d'{\'e}tablissement - 2022/2024},
  author = {{Centre de Musique Baroque de Versailles}},
  publisher = {Centre de Musique Baroque de Versailles},
  urldate = {2025-08-03},
  keywords = {CMBV},
  file = {C:\Users\dogan\Zotero\storage\DBSLCD6B\cmbv-brochure_etablissement_22-24_web.pdf}
}

@misc{centredemusiquebaroquedeversaillesRapportActivite2023,
  title = {Centre de Musique Baroque de Versailles | Rapport d'activit{\'e}},
  author = {{Centre de Musique Baroque de Versailles}},
  year = {2023},
  urldate = {2025-08-03},
  url = {https://cmbv.fr/sites/default/files/cmbv/fichiers/cmbv-ra-2023\_def.pdf},
  keywords = {CMBV},
  file = {C:\Users\dogan\Zotero\storage\MEGN2DXZ\cmbv-ra-2023_def.pdf}
}

@misc{CentreMusiqueBaroque,
  title = {{Centre de musique baroque de Versailles {\textbar} Notre histoire}},
  journal = {Centre de musique baroque de Versailles},
  urldate = {2025-07-07},
  abstract = {Frise chronologique d{\'e}taillant l'histoire du CMBV par ann{\'e}e. Chaque ann{\'e}e comprends un titre, un texte et des m{\'e}dias relatifs.},
  url = {https://cmbv.fr/fr/qui-sommes-nous/notre-histoire},
  langid = {french},
  keywords = {CMBV}
}

@misc{CentreMusiqueBaroquea,
  title = {{Centre de musique baroque de Versailles {\textbar} Qui sommes-nous ?}},
  journal = {Centre de musique baroque de Versailles},
  urldate = {2025-08-04},
  abstract = {Pr{\'e}sentation d{\'e}taill{\'e}e du CMBV : contexte et mission g{\'e}n{\'e}rale, activit{\'e}s (recherche, {\'e}dition, artistique, formation, action culturelle), ressources accessibles et r{\'e}seau de partenaires},
  url = {https://cmbv.fr/fr/le-centre-de-musique-baroque-de-versailles},
  langid = {french},
  keywords = {CMBV}
}

@misc{CentreMusiqueBaroqueb,
  title = {{Centre de musique baroque de Versailles {\textbar} Biblioth{\`e}que}},
  journal = {Centre de musique baroque de Versailles},
  urldate = {2025-08-19},
  abstract = {S'informer sur la musique ancienne, baroque et classique en France. Trouver des livres, partitions, articles et documents sonores.},
  url = {https://cmbv.fr/fr/ressources/bibliotheque},
  langid = {french},
  keywords = {CMBV},
  file = {C:\Users\dogan\Zotero\storage\DY757AGB\bibliotheque.html}
}

@misc{CentreMusiqueBaroquec,
  title = {{Centre de musique baroque de Versailles {\textbar} Ma{\^i}trise {\textbar} 7-14 ans - Horaires am{\'e}nag{\'e}s : les Pages}},
  shorttitle = {{CMBV {\textbar} Ma{\^i}trise {\textbar} 7-14 ans - Horaires am{\'e}nag{\'e}s}},
  journal = {Centre de musique baroque de Versailles},
  urldate = {2025-08-04},
  abstract = {L'{\'E}cole ma{\^i}trisienne du CMBV propose {\`a} une soixantaine d'enfants du CE1 {\`a} la 4e/3e un cursus de chant et de formation musicale de haut niveau.},
  url = {https://cmbv.fr/fr/formation/la-maitrise/7-14-ans-horaires-amenages-les-pages},
  langid = {french},
  keywords = {CMBV},
  file = {C:\Users\dogan\Zotero\storage\8DIJZCQQ\7-14-ans-horaires-amenages-les-pages.html}
}

@misc{ChapitreIIIDuree,
  title = {Chapitre {{III}} : {{Dur{\'e}e}} de La Protection ({{Articles L123-1}} {\`a} {{L123-12}}) - {{L{\'e}gifrance}}},
  urldate = {2025-08-10},
  url = {https://www.legifrance.gouv.fr/codes/section\_lc/LEGITEXT000006069414/LEGISCTA000006161638},
  keywords = {Droit},
  file = {C:\Users\dogan\Zotero\storage\6N66Q539\LEGISCTA000006161638.html}
}

@misc{ChapitreIIOeuvres,
  title = {Chapitre {{II}} : {{Oeuvres}} Prot{\'e}g{\'e}es ({{Articles L112-1}} {\`a} {{L112-4}}) - {{L{\'e}gifrance}}},
  urldate = {2025-08-10},
  url = {https://www.legifrance.gouv.fr/codes/section\_lc/LEGITEXT000006069414/LEGISCTA000006161634},
  keywords = {Droit},
  file = {C:\Users\dogan\Zotero\storage\8W6VEPV2\LEGISCTA000006161634.html}
}

@incollection{chartronEditionPublicationContenus2016,
  title = {{{\'E}dition et publication des contenus : regard transversal sur la transformation des mod{\`e}les}},
  shorttitle = {{{\'E}dition et publication des contenus}},
  booktitle = {{Publier, {\'e}diter, {\'e}ditorialiser}},
  author = {Chartron, Ghislaine},
  year = {2016},
  pages = {9--35},
  publisher = {De Boeck Sup{\'e}rieur},
  doi = {10.3917/dbu.calde.2016.01.0009},
  urldate = {2025-08-29},
  chapter = {{\'E}conomie},
  langid = {french},
  keywords = {Edition},
  file = {C\:\\Users\\dogan\\Zotero\\storage\\ULT74S4A\\Chartron - 2016 - Édition et publication des contenus  regard trans.pdf;C\:\\Users\\dogan\\Zotero\\storage\\4L6S94RD\\publier-editer-editorialiser--9782807306653-page-9.html}
}

@article{chartronEditorialisationQuoiParleton2020,
  title = {{L'{\'e}ditorialisation : de quoi parle-t-on ?}},
  shorttitle = {{L'{\'e}ditorialisation}},
  author = {Chartron, Ghislaine},
  year = {2020},
  month = nov,
  journal = {I2D - Information, donn{\'e}es \& documents},
  volume = {2},
  number = {2},
  pages = {63--65},
  publisher = {A.D.B.S.},
  issn = {2428-2111},
  doi = {10.3917/i2d.202.0063},
  urldate = {2025-08-29},
  chapter = {Droit commercial},
  langid = {french},
  keywords = {Edition}
}

@incollection{chevalierChapitreErgonomieInterfaces2013,
  title = {{Chapitre V. L'ergonomie des interfaces et les aides {\`a} apporter aux concepteurs}},
  booktitle = {{La conception des documents pour le Web}},
  author = {Chevalier, Aline},
  year = {2013},
  series = {{Papiers}},
  publisher = {Presses de l'enssib},
  address = {Villeurbanne},
  doi = {10.4000/books.pressesenssib.1722},
  urldate = {2025-08-25},
  copyright = {https://www.openedition.org/12554},
  isbn = {978-2-37546-087-0},
  langid = {french},
  keywords = {Technologies},
  file = {C:\Users\dogan\Zotero\storage\3YMWQC8U\Chevalier - 2013 - Chapitre V. L’ergonomie des interfaces et les aide.pdf}
}

@article{chivingeStrategiesUsedAddress2021,
  title = {Strategies Used to Address Challenges Encountered during Website Development in {{South Africa}}},
  author = {Chivinge, Josephine R. and Dube, Shopee and Ndayizigamiye, Patrick},
  year = {2021},
  journal = {South African journal of information management},
  volume = {23},
  number = {1},
  pages = {e1--e9},
  publisher = {African Online Scientific Information Systems Pty Ltd t/a AOSIS},
  address = {Cape Town},
  issn = {2078-1865},
  doi = {10.4102/sajim.v23i1.1373},
  abstract = {Whether a website design is a simple static page of plain text, a complex e-commerce matrix or a progressive web application, the journey is riddled with challenges. In terms of online users, every second counts when interacting with a website. It is estimated that 2 seconds is the acceptable webpage loading latency that users are willing to tolerate before abandoning a webpage. Users expect web applications to be more usable, reliable, secure, personalised and context-aware. This study sought to identify the challenges faced and the strategies used during website development, and to then map a conceptual framework to address these challenges. The 7Cs framework was the theoretical framework underpinning the study. Based on qualitative research, 12 website developers were sampled in Gauteng Province, South Africa, using non-probability sampling methods. The 7Cs Website Development Scheme (7CWDS) charted from the research findings shows that the following strategies are essential in overcoming website development challenges: (1) good communication between developer and client, (2) agile planning and acceptance of project scope, (3) creation of website drafts and acceptance, (4) flexible website designs, (5) agile website development using a step-by-step approach, (6) website connections to Google Analytics, (7) connecting website to social media and (8) website cybersecurity scanning and testing. The study developed the 7CWDS as a toolkit that underlines critical strategies to address common challenges in website development, and presents them in a logical hierarchy and order of execution.},
  langid = {english},
  keywords = {Low-Tech},
  file = {C:\Users\dogan\Zotero\storage\KYM3YXPQ\Chivinge et al. - 2021 - Strategies used to address challenges encountered .pdf}
}

@book{clarke-saltSQLInjectionAttacks2012a,
  title = {{{SQL Injection Attacks}} and {{Defense}}},
  author = {{Clarke-Salt}, Justin},
  year = {2012},
  publisher = {Elsevier Science \& Technology Books},
  address = {Chantilly, UNITED STATES},
  urldate = {2025-07-09},
  abstract = {"SQL Injection Attacks and Defense, First Edition: " Winner of the Best Book Bejtlich Read Award "SQL injection is probably the number one problem for any server-side application, and this book unequaled in its coverage." OCoRichard Bejtlich, "Tao Security blog " SQL injection represents one of the most dangerous and well-known, yet misunderstood, security vulnerabilities on the Internet, largely because there is no central repository of information available for penetration testers, IT security consultants and practitioners, and web/software developers to turn to for help. "SQL Injection Attacks and Defense, Second Edition" is the only book devoted exclusively to this long-established but recently growing threat. This is the definitive resource for understanding, finding, exploiting, and defending against this increasingly popular and particularly destructive type of Internet-based attack. "SQL Injection Attacks and Defense, Second Edition" includes all the currently known information about these attacks and significant insight from its team of SQL injection experts, who tell you about: Understanding SQL Injection OCo Understand what it is and how it works Find, confirm and automate SQL injection discovery Tips and tricks for finding SQL injection within code Create exploits for using SQL injection Design apps to avoid the dangers these attacks SQL injection on different databases SQL injection on different technologies SQL injection testing techniques Case Studies "Securing SQL Server, Second Edition" is the only book to provide a complete understanding of SQL injection, from the basics of vulnerability to discovery, exploitation, prevention, and mitigation measures. Covers unique, publicly unavailable information, by technical experts in such areas as Oracle, Microsoft SQL Server, and MySQL---including new developments for Microsoft SQL Server 2012 (Denali). Written by an established expert, author, and speaker in the field, with contributions from a team of equally renowned creators of SQL injection tools, applications, and educational materials. "},
  isbn = {978-1-59749-973-6},
  keywords = {Technologies},
  file = {C:\Users\dogan\Zotero\storage\PZZ25PWI\detail.html}
}

@article{diazMinimalComputingProgressive2022a,
  title = {Minimal {{Computing}} with {{Progressive Web Apps}}},
  author = {Diaz, Chris},
  year = {2022},
  journal = {Digital humanities quarterly},
  volume = {16},
  number = {2},
  address = {Providence},
  issn = {1938-4122},
  abstract = {Caravans of Gold is a multilingual digital exhibit that was built as both a static website and Progressive Web App (PWA). This case study describes the process of developing Caravans of Gold, situating PWAs as minimal computing technologies. PWAs are websites with mobile app features that specifically help disseminate digital content to people who rely on mobile devices for access to the internet. Caravans of Gold was built using Wax, a Jekyll-based framework, and demonstrates the similarities between PWA requirements and minimal computing approaches.},
  langid = {english},
  keywords = {Low-Tech}
}

@incollection{dillonMusicManuscripts2011,
  title = {Music Manuscripts},
  booktitle = {The {{Cambridge Companion}} to {{Medieval Music}}},
  author = {Dillon, Emma},
  editor = {Everist, Mark},
  year = {2011},
  series = {Cambridge {{Companions}} to {{Music}}},
  pages = {291--319},
  publisher = {Cambridge University Press},
  address = {Cambridge},
  doi = {10.1017/CCOL9780521846196.019},
  urldate = {2025-07-26},
  abstract = {Unless sounds are remembered by man, they perish, for they cannot be written down. Isidore of SevilleOf all the evidence we rely on to construct the story of the medieval musical past, the manuscript is the most important, but also the most capricious. Not only are the extant sources just a tiny portion of the original bibliographic picture, but they also transmit repertories that were, in Nino Pirrotta's famous characterization, the `tip of an iceberg, most of which is submerged and invisible'. Created in a culture sophisticated in practices of memory and improvisation, the written record was one among many technologies for storing music. Moreover, the written record connects to oral practices in numerous ways: notation is a shorthand more than a prescription, assuming the invisible knowledge of a performer. Finally, writers from Isidore of Seville to Ingarden suggest a drastic distinction between inscription and performance: music exists in sound, and writing (on the page, or, in Isidore's case, in the memory) is a representation removed from musical reality.If music manuscripts are incomplete witnesses to sound, they still have much to tell, particularly when we consider not just what they transmit, but also how they do so. `Manuscript' is a retrospective designation that, as Peter Stallybrass reminds us, is only possible with the advent of print. No mere truism, this distinction emphasizes the technologies and materials of textual production: manuscripts are made by the hand.},
  isbn = {978-0-521-84619-6},
  keywords = {Informatique-en-bibli},
  file = {C:\Users\dogan\Zotero\storage\NNNDWGF3\DEFCF0ED9408DEB88EEDD7F6DF51AA7F.html}
}

@article{Directive96CE1996,
  title = {{Directive 96/9/CE du Parlement europ{\'e}en et du conseil du 11 mars 1996 concernant la protection juridique des bases de donn{\'e}es}},
  year = {1996},
  month = mar,
  journal = {Journal officiel des Communaut{\'e}s europ{\'e}ennes},
  number = {n{$^\circ$} L 77/20},
  pages = {9 p.},
  urldate = {2025-08-10},
  langid = {fre},
  keywords = {Droit},
  file = {C:\Users\dogan\Zotero\storage\C9IQ4HDH\PDF.pdf}
}

@book{duboisMySQLGuideOfficiel2004,
  title = {{MySQL :  guide officiel}},
  shorttitle = {{MySQL}},
  author = {DuBois, Paul and Hinz, Stefan and Pedersen, Carsten},
  year = {2004},
  publisher = {CampusPress},
  address = {Paris},
  isbn = {978-2-7440-1782-7},
  langid = {fre},
  lccn = {Tolbiac - Rez de Jardin - Sciences et technique - Magasin - 2004-188541},
  nationality = {FR},
  keywords = {Technologies},
  annotation = {ill., couv. ill. en coul. 23 cm. Index.}
}

@article{dufresneReduireSilosInformation2016,
  title = {{R{\'e}duire les silos d'information -- Bilan d'exp{\'e}rience au Cirque du Soleil avec la gestion {\'e}lectronique des documents}},
  author = {Dufresne, Marie-Claire and Gratton, Evelyne},
  year = {2016},
  month = mar,
  journal = {Archives},
  volume = {46},
  number = {1},
  pages = {83--100},
  publisher = {Consortium Erudit},
  issn = {2369-9256, 0044-9423},
  doi = {10.7202/1035724ar},
  urldate = {2025-07-26},
  abstract = {Les silos d'information peuvent {\^e}tre consid{\'e}r{\'e}s comme un frein autant qu'un levier {\`a} l'accessibilit{\'e}. Dans le cas du Cirque du Soleil, pr{\'e}sent{\'e} ici par Marie-Claire Dufresne et Evelyne Gratton, le roulement de personnel ainsi que le manque de suivi et des habitudes de partage d'information ont caus{\'e} la cr{\'e}ation de nombreux silos qui devinrent un probl{\`e}me de communication de l'information au sein de l'entreprise.          Cet article expose la strat{\'e}gie employ{\'e}e dans le d{\'e}veloppement d'un outil de gestion {\'e}lectronique des documents, projet men{\'e} par l'{\'e}quipe de gestion documentaire, afin de r{\'e}pondre aux besoins en termes de partage d'information et de suivi des versions. Ce projet devait tenir compte du contexte particulier du Cirque du Soleil, de ses nombreux spectacles et utilisateurs situ{\'e}s sur plusieurs continents et du grand nombre de documents produits. Le d{\'e}ploiement s'est d{\'e}roul{\'e} sur plusieurs mois et a ex{\'e}cut{\'e} un processus de consultation aupr{\`e}s des diff{\'e}rents secteurs suivi de conception de prototypes. L'approche par unit{\'e} sectorielle a {\'e}t{\'e} privil{\'e}gi{\'e}e afin que l'outil rencontre leurs besoins. Les auteures pr{\'e}sentent, en guise d'exemple, le processus au sein des Ateliers de costumes.          La gestion de l'information et l'implantation de solutions qui prennent en compte le contexte de sa cr{\'e}ation permettent d'{\'e}viter les silos tout en amenuisant leurs d{\'e}savantages. La mise en place de telles solutions soutient la coh{\'e}rence et la concertation au sein de l'entreprise, m{\^e}me dans un cas aussi particulier qu'est le Cirque du Soleil.},
  langid = {french},
  keywords = {Informatique-en-bibli},
  file = {C:\Users\dogan\Zotero\storage\YTZ38FER\Dufresne et Gratton - 2016 - Réduire les silos d’information – Bilan d’expérien.pdf}
}

@misc{EpistemologieMusicologieNumerique,
  title = {Iremus - Site institutionnel -  {\'E}pist{\'e}mologie de La Musicologie Num{\'e}rique. {{Le}} Statut Des Approches Mixtes (Quantitatives/Qualitatives) {\textbar} {{IReMus}}},
  urldate = {2025-08-04},
  url = {https://www.iremus.cnrs.fr/en/node/17210},
  keywords = {Informatique-en-bibli}
}

@misc{FaciliterReperageAcces2014,
  title = {{Minist{\`e}re de la Culture {\textbar} Faciliter le rep{\'e}rage et l'acc{\`e}s aux contenus culturels}},
  year = {2014},
  month = jun,
  urldate = {2025-08-04},
  abstract = {Faciliter la d{\'e}couverte des contenus culturels favorise la diversit{\'e} de repr{\'e}sentation des {\oe}uvres et la diversification des publics. Cela passe notamment par la mobilisation du secteur culturel autour du Web des donn{\'e}es et de l'agr{\'e}gation des donn{\'e}es. La participation de la France {\`a} l'initia},
  url = {https://www.culture.gouv.fr/fr/thematiques/innovation-numerique/faciliter-l-acces-aux-donnees-et-aux-contenus-culturels/ouvrir-partager-et-valoriser-les-donnees-et-les-contenus-culturels/faciliter-le-reperage-et-l-acces-aux-contenus-culturels},
  langid = {french},
  keywords = {Informatique-en-bibli}
}

@misc{FossardAnnuaireMusica2,
  title = {{Fossard - Annuaire Musica2}},
  journal = {Musica2},
  issn = {2492-8941},
  urldate = {2025-08-10},
  abstract = {Derni{\`e}re mise {\`a} jour : 25 mars 2024 IDENTIT{\'E} Nom du site~Publications et archives scientifiques du Centre de Musique Baroque de Versailles Types Base de donn{\'e}es \& CMS URL https://omeka.cmbv.fr/s/bpsn/page/accueil Date de lancement D{\'e}cembre 2022 Pr{\'e}sentation courte Repository de divers {\'e}l{\'e}ments num{\'e}riques avec acc{\`e}s public ou sur demande : 1) inventaire des archives scientifiques num{\'e}riques {\dots} Continuer la lecture de <<~Fossard~>>},
  langid = {french},
  keywords = {CMBV},
  file = {C:\Users\dogan\Zotero\storage\K6H6LBNU\fossard.html}
}

@book{foucheDictionnaireEncyclopediqueLivre,
  title = {{Dictionnaire encyclop{\'e}dique du Livre. N-Z}},
  author = {Fouch{\'e}, Pascal and P{\'e}choin, Daniel and Schuwer, Philippe and Mellot, Jean-Dominique and Nave, Alain and Poulain, Martine},
  series = {{Hors collection}},
  publisher = {{\'E}ditions du Cercle de la Librairie},
  address = {Paris},
  isbn = {978-2-7654-0987-8},
  langid = {french},
  keywords = {Technologies}
}

@article{francois-sappeyChapitreIIAge2023,
  title = {{Chapitre II. L'{\^a}ge tonal}},
  author = {{Fran{\c c}ois-Sappey}, Brigitte},
  year = {2023},
  month = sep,
  journal = {Que sais-je ?},
  volume = {7},
  pages = {30--87},
  publisher = {Presses Universitaires de France},
  issn = {0768-0066},
  urldate = {2025-08-04},
  langid = {french},
  keywords = {Musicologie},
  file = {C:\Users\dogan\Zotero\storage\6PKFJJDC\histoire-de-la-musique-en-europe--9782715419315-page-30.html}
}

@misc{fresquetIIIFConnectivityMedieval,
  type = {Billet},
  title = {{{IIIF}} and the {{Connectivity}} of {{Medieval Mediterranean Music Collections}}},
  author = {Fresquet, Xavier},
  journal = {MnemoMed},
  issn = {3036-3659},
  doi = {10.58079/vwx2},
  urldate = {2025-07-26},
  abstract = {The International Image Interoperability Framework (IIIF), pronounced ``triple-I-F'', represents a turning point in the global accessibility and interoperability of image-based resources. It provides a standardized methodology for producing, citing, and sharing digital materials, transforming the ways we interact with digital data in the humanities and beyond. IIIF comprises several API specifications that allow images, annotations, [{\dots}]},
  langid = {american},
  keywords = {Informatique-en-bibli},
  file = {C:\Users\dogan\Zotero\storage\6B6YY7N3\88.html}
}

@article{gantierRetroingenierieWebdocumentaireFind2020,
  title = {{R{\'e}tro-ing{\'e}nierie du web-documentaire Find me in Kakuma : l'impasse m{\'e}thodologique du design d'exp{\'e}rience utilisateur}},
  shorttitle = {{R{\'e}tro-ing{\'e}nierie du web-documentaire Find me in Kakuma}},
  author = {Gantier, Samuel and Jousse, Antonin},
  year = {2020},
  month = sep,
  journal = {{\'E}tudes de communication},
  volume = {54},
  number = {1},
  pages = {179--202},
  publisher = {Universit{\'e} de Lille},
  issn = {1270-6841},
  doi = {10.4000/edc.10382},
  urldate = {2025-07-09},
  langid = {french},
  keywords = {Informatique-en-bibli},
  file = {C\:\\Users\\dogan\\Zotero\\storage\\JS75DTFS\\Gantier et Jousse - 2020 - Rétro-ingénierie du web-documentaire Find me in Ka.pdf;C\:\\Users\\dogan\\Zotero\\storage\\SZ8UXE23\\revue-etudes-de-communication-2020-1-page-179.html}
}

@article{ghernaoutiCybersecuriteAnalyserRisques2022,
  title = {{Cybers{\'e}curit{\'e}. Analyser les risques, mettre en oeuvre les solutions}},
  author = {Ghernaouti, Solange},
  year = {2022},
  publisher = {Dunod},
  urldate = {2025-07-09},
  abstract = {InfoSup},
  langid = {french},
  keywords = {Technologies},
  file = {C:\Users\dogan\Zotero\storage\X7NEXTSL\cybersecurite--9782100841493.html}
}

@article{ghernaoutiInternet2017,
  title = {{Internet}},
  author = {Ghernaouti, Solange and Dufour, Arnaud},
  year = {2017},
  month = may,
  publisher = {Presses Universitaires de France},
  issn = {0768-0066},
  doi = {10.3917/puf.ghern.2017.01},
  urldate = {2025-07-09},
  abstract = {Que sais-je ?},
  langid = {french},
  keywords = {Technologies}
}

@incollection{ghernaoutiTransformationNumeriqueCriminalite2023,
  title = {{1. Transformation num{\'e}rique de la criminalit{\'e}}},
  booktitle = {{Cybercriminalit{\'e} : Comprendre. Pr{\'e}venir. R{\'e}agir}},
  author = {Ghernaouti, Solange},
  year = {2023},
  series = {{Hors collection}},
  edition = {Dunod},
  pages = {16--29},
  publisher = {Dunod},
  urldate = {2025-08-22},
  langid = {french},
  keywords = {Low-Tech},
  file = {C:\Users\dogan\Zotero\storage\GFDITI7G\cybercriminalite-comprendre-prevenir-reagir--9782100858699-page-16.html}
}

@article{gilabertArchipelLowTechFrance2020,
  title = {{L'Archipel Low-Tech en France}},
  author = {Gilabert, Christelle and Mateus, Quentin and Loesle, K{\'e}vin and Laurent, Emmanuel and Augais, Guillaume and Lafforgue, Laurent and Foata, Michel and Desauney, Thomas and Deums, Anton},
  year = {2020},
  journal = {La Pens{\'e}e {\'e}cologique},
  volume = {N{$^\circ$} 5},
  number = {1},
  pages = {9--9},
  issn = {2558-1465},
  doi = {10.3917/lpe.005.0009},
  abstract = {Ce texte est un essai cartographique qui propose une exploration de la d{\'e}marche Low-Tech en France afin de dresser un panorama subjectif et non-exhaustif de ses principaux acteurs. En s'appuyant sur la th{\'e}orie de l'archipel du philosophe et po{\`e}te {\'E}douard Glissant, l'article navigue {\`a} travers diff{\'e}rentes perspectives pour tenter de distinguer les dynamiques et les figures qui composent ce paysage aussi flou qu'h{\'e}t{\'e}roclite.},
  langid = {fre},
  keywords = {Low-Tech}
}

@article{gossartSouveraineteNumeriqueEcologique2025,
  title = {{Une souverainet{\'e} num{\'e}rique et {\'e}cologique est-elle possible ?}},
  author = {Gossart, C{\'e}dric},
  year = {2025},
  month = jun,
  journal = {Terminal. Technologie de l'information, culture \& soci{\'e}t{\'e}},
  number = {141},
  publisher = {Creis-Terminal},
  issn = {0997-5551},
  doi = {10.4000/148ea},
  urldate = {2025-07-07},
  abstract = {Le 10 juin dernier, Le Monde publiait un article consacr{\'e} au centre de donn{\'e}es de Google {\`a} Henderson dans le Nevada. Ouvert en 2021, il a co{\^u}t{\'e} la bagatelle de 600 millions de dollars et est aliment{\'e} par la g{\'e}othermie, source d'{\'e}nergie labellis{\'e}e <<~verte~>> mais surtout stable pour cette infrastructure tr{\`e}s gourmande en {\'e}lectricit{\'e}. L'image en t{\^e}te de l'article illustre la place prise par ces infrastructures num{\'e}rico-{\'e}nerg{\'e}tiques, qui n'ont donc rien d'immat{\'e}riel.  Outre l'{\'e}nergie, les enjeux ...},
  copyright = {https://creativecommons.org/licenses/by-nc-sa/4.0/},
  langid = {french},
  keywords = {Eco-conception},
  file = {C:\Users\dogan\Zotero\storage\JI8F3NF3\Gossart - 2025 - Une souveraineté numérique et écologique est-elle .pdf}
}

@misc{GouvernanceDansTous,
  title = {{La gouvernance dans tous ses {\'e}tats}},
  journal = {SHS Cairn.info},
  urldate = {2025-07-15},
  abstract = {Gestion en libert{\'e}},
  url = {https://shs.cairn.info/la-gouvernance-dans-tous-ses-etats--9782376871460},
  langid = {french},
  keywords = {Informatique-en-bibli},
  file = {C:\Users\dogan\Zotero\storage\49CFBQEH\la-gouvernance-dans-tous-ses-etats--9782376871460.html}
}

@inproceedings{grimesLinkedDataMusic2013,
  title = {Linked {{Data}} for {{Music Collections}}: {{A User-Centred Approach}}},
  shorttitle = {Linked {{Data}} for {{Music Collections}}},
  booktitle = {{{ADHO}} 2013 - {{Nebraska}}},
  author = {Grimes, Jonathan and Lawless, S{\'e}amus},
  year = {2013},
  urldate = {2025-07-26},
  langid = {english},
  keywords = {Informatique-en-bibli},
  file = {C:\Users\dogan\Zotero\storage\QR6TL2VE\1725.html}
}

@misc{GuilloLaurentCESR,
  title = {{Guillo Laurent -- CESR}},
  urldate = {2025-08-07},
  langid = {french},
  keywords = {CMBV},
  file = {C:\Users\dogan\Zotero\storage\RMCFJVY3\guillo-laurent-2.html}
}

@article{gusevGreenDigitalTransition2023,
  title = {Green {{Digital Transition}} and {{Data Governance}}},
  author = {Gusev, Alexander and Leconte, Arnaud and Lucatello, Simone},
  year = {2023},
  month = nov,
  journal = {L'Europe en Formation},
  volume = {396},
  number = {1},
  pages = {59--83},
  publisher = {Centre international de formation europ{\'e}enne},
  issn = {0014-2808},
  doi = {10.3917/eufor.396.0059},
  urldate = {2025-07-07},
  langid = {english},
  keywords = {Eco-conception}
}

@phdthesis{hamadTrappedUpgradeCycle2025,
  title = {Trapped in the {{Upgrade Cycle}}: {{An Investigation}} of {{Digital Planned Obsolescence}} and Its {{Consequences}}},
  shorttitle = {Trapped in the {{Upgrade Cycle}}},
  author = {Hamad, Roja},
  year = {2025},
  journal = {Trapped in the Upgrade Cycle: An Investigation of Digital Planned Obsolescence and its Consequences},
  urldate = {2025-08-17},
  abstract = {This study examines digital planned obsolescence (DPO) through the lens of the recent Henrik Huseby v Apple lawsuit. The case highlights how corporate decisions from software updates that deliberately slow older devices to hardware designs that limit repair can intentionally shorten the lifespan of electronics. Combining analysis of legal documents, interviews with experts, and a review of policy trends, the research uncovers the broad impacts of DPO. It finds that industry-wide practices contribute to the production of over fifty million tons of electronic waste (e-waste) globally each year, accelerate the depletion of critical natural resources, and reinforce inequalities as consumers are locked into costly upgrade cycles. The Huseby case exemplifies how companies use both legal restrictions and technical tricks to retain control over product lifecycles and keep independent repairers at bay. The findings reveal significant gaps in current regulations. Aggressive corporate lobbying has so far weakened right-to-repair (R2R) legislation even as concerns about sustainability mount. To address this, the thesis proposes concrete reforms: for example, enforceable design standards that make devices easier to fix and stronger extended producer responsibility rules that hold manufacturers accountable for end-of-life impacts. By bringing together legal, environmental, and technological perspectives, this work positions DPO not merely as a business strategy but as a pressing global challenge for sustainability, calling for coordinated systemic change.},
  langid = {english},
  school = {The University of Bergen},
  keywords = {Technologies}
}

@misc{ICCAREPartitionNumerique,
  title = {{Centre de musique baroque de Versailles | ICCARE : Partition et num{\'e}rique}},
  shorttitle = {{ICCARE}},
  journal = {Centre de musique baroque de Versailles},
  urldate = {2025-08-08},
  abstract = {Cet {\'e}v{\'e}nement r{\'e}unira\&nbsp;{\'e}diteurs, graveurs, musicologues, chercheurs, musiciens, biblioth{\'e}caires, libraires, juristes, d{\'e}veloppeurs et\&nbsp;p{\'e}dagogues pour explorer ensemble les d{\'e}fis et opportunit{\'e}s des pratiques num{\'e}riques dans le domaine musical. Pendant une journ{\'e}e et demie,\&nbsp;conf{\'e}rences, tables rondes et t{\'e}moignages dresseront un panorama des enjeux li{\'e}s {\`a} l'utilisation, la cr{\'e}ation et la diffusion des partitions num{\'e}riques. Cette rencontre vise {\`a} rassembler les acteurs concern{\'e}s afin d'{\'e}tablir un {\'e}tat des lieux des pratiques actuelles, des questionnements {\'e}mergents et des projets en cours, tout en favorisant les {\'e}changes et connexions entre professionnels du secteur.\&nbsp; Les th{\'e}matiques abord{\'e}es concerneront les m{\'e}tiers de l'{\'e}dition musicale, la musicologie, les biblioth{\`e}ques musicales, la cr{\'e}ation artistique, la technologie (gestion de donn{\'e}es, OCR/OMR, intelligence artificielle), les {\'e}diteurs d'applications et les usagers. Le programme ci-dessous donne un aper{\c c}u des th{\'e}matiques abord{\'e}es.\&nbsp; En savoir plus (site ICCARE) Programme Lundi 17 f{\'e}vrier 	14h-15h 	Accueil et s{\'e}ance pl{\'e}ni{\`e}re d'ouverture 	15h-18h\&nbsp;/\&nbsp;Th{\'e}matiques abord{\'e}es 	 		La distribution des partitions num{\'e}riques (r{\'e}seaux, outils, mod{\`e}les {\'e}conomiques{\dots}) 		L'utilisation de partitions num{\'e}riques, retour d'exp{\'e}riences (usages, mat{\'e}riels, applis{\dots}) 		Partitions num{\'e}riques et biblioth{\`e}ques (stockage, archivage, pr{\^e}t, p{\'e}rennit{\'e}, d{\'e}p{\^o}t l{\'e}gal{\dots}) 		Musicologie et partitions num{\'e}riques (standards, projets en cours{\dots}) 	 	 Mardi 18 f{\'e}vrier 	9h30-12h30\&nbsp;/\&nbsp;Th{\'e}matiques abord{\'e}es 	 		La partition num{\'e}rique et son {\'e}poque (impact environnemental, handicap, aspects juridiques{\dots}) 		Faire conna{\^i}tre, faire savoir (Marketing, recensement, description, catalogue{\dots}) 		La partition num{\'e}rique, un outil p{\'e}dagogique 		Reconnaissance optique de musique (OMR) et Intelligence artificielle 		Cr{\'e}ation et partition num{\'e}rique (notations, diffusion, droits, {\'e}diteurs{\dots}) 	 	 	14h-16h30 	 		Tables-rondes de synth{\`e}ses et prospectives},
  url = {https://cmbv.fr/fr/evenements/iccare-partition-et-numerique},
  langid = {french},
  keywords = {CMBV},
  file = {C:\Users\dogan\Zotero\storage\SCKCDTES\iccare-partition-et-numerique.html}
}

@misc{InternetArchiveLive,
  title = {Internet {{Archive Live Music Archive Linked Data}}},
  urldate = {2025-07-26},
  abstract = {The service provides access to Linked Data that describes the audio held in the Internet Archive's Live Music Archive (also sometimes known as "etree"). The metadata from etree has been converted to RDF and is exposed through a SPARQL endpoint along with browsable pages.},
  url = {https://digital.humanities.ox.ac.uk/project/internet-archive-live-music-archive-linked-data},
  langid = {english},
  keywords = {Informatique-en-bibli},
  file = {C:\Users\dogan\Zotero\storage\J49QBRF3\internet-archive-live-music-archive-linked-data.html}
}

@article{jarrigeLowTechQuelles2020,
  title = {{Low tech: Quelles potentialit{\'e}s pour affronter les crises~?}},
  shorttitle = {{Low tech}},
  author = {Jarrige, Fran{\c c}ois and Abrassart, Christophe and Bourg, Dominique},
  year = {2020},
  journal = {La pens{\'e}e {\'e}cologique},
  publisher = {PUF},
  issn = {2558-1465},
  langid = {fre},
  keywords = {Low-Tech}
}

@article{jostPlateformesDocumentairesMisez2022,
  title = {{Plateformes documentaires : misez sur le tout-en-un !}},
  shorttitle = {{Plateformes documentaires}},
  author = {Jost, Cl{\'e}mence},
  year = {2022},
  journal = {Archimag},
  volume = {353},
  number = {3},
  pages = {34--37},
  publisher = {Serda Archimag},
  issn = {2260-166X},
  doi = {10.3917/arma.353.0034},
  urldate = {2025-08-19},
  langid = {french},
  keywords = {Informatique-en-bibli},
  file = {C:\Users\dogan\Zotero\storage\7NT2PM95\magazine-archimag-2022-3-page-34.html}
}

@article{jullienLogicielLibreGerer2022,
  title = {{Le logiciel libre : g{\'e}rer collectivement les {\'e}volutions d'une technologie}},
  shorttitle = {{Le logiciel libre}},
  author = {Jullien, Nicolas and Viseur, Robert and Zimmermann, Jean-Beno{\^i}t},
  year = {2022},
  journal = {Annales des Mines - Enjeux num{\'e}riques},
  volume = {18},
  number = {2},
  pages = {70--76},
  publisher = {Institut Mines-T{\'e}l{\'e}com},
  issn = {2607-9984},
  urldate = {2025-08-19},
  langid = {french},
  keywords = {Technologies}
}

@incollection{kayser-brilInformerAvecDonnees2016,
  title = {{Informer avec des donn{\'e}es structur{\'e}es}},
  booktitle = {{Publier, {\'e}diter, {\'e}ditorialiser}},
  author = {{Kayser-Bril}, Nicolas},
  year = {2016},
  pages = {71--88},
  publisher = {De Boeck Sup{\'e}rieur},
  doi = {10.3917/dbu.calde.2016.01.0071},
  urldate = {2025-08-29},
  chapter = {Sociologie},
  langid = {french},
  keywords = {Technologies},
  file = {C:\Users\dogan\Zotero\storage\LAFAP6S7\publier-editer-editorialiser--9782807306653-page-71.html}
}

@article{klukasDynamicExplorationEditing2007,
  title = {Dynamic Exploration and Editing of {{KEGG}} Pathway Diagrams},
  author = {Klukas, Christian and Schreiber, Falk},
  year = {2007},
  journal = {Bioinformatics},
  volume = {23},
  number = {3},
  pages = {344--350},
  publisher = {University Press},
  address = {Oxford},
  issn = {1367-4803},
  doi = {10.1093/bioinformatics/btl611},
  urldate = {2025-07-09},
  abstract = {Motivation: The Kyoto Encyclopedia of Genes and Genomes (KEGG) Pathway database is a very valuable information resource for researchers in the fields of life sciences. It contains metabolic and regulatory processes in the form of wiring diagrams, which can be used for browsing and information retrieval as well as a base for modeling and simulation. Thus it helps in understanding biological processes and higher-order functions of biological systems. Currently the KEGG website uses semi-static visualizations for the presentation and navigation of its pathway information. While this visualization style offers a good pathway presentation and navigation, it does not provide some of the possibilities related to dynamic visualizations, most importantly, the creation and visualization of user-specific pathways. Results: This paper presents methods for the dynamic visualization, interactive navigation and editing of KEGG pathway diagrams. These diagrams, given as KEGG Markup Language (KGML) files, can be visually explored using novel approaches combining semi-static and dynamic visualization, but also edited or even newly created and then exported into KGML files. Availability: KGML-ED, a program implementing the presented methods, is available free of charge to the scientific community at Contact:schreibe@ipk-gatersleben.de},
  langid = {english},
  keywords = {Edition}
}

@article{kostakisHightechLowtechTentative2023,
  title = {Beyond High-Tech versus Low-Tech: {{A}} Tentative Framework for Sustainable Urban Data Governance},
  shorttitle = {Beyond High-Tech versus Low-Tech},
  author = {Kostakis, Vasilis and Pazaitis, Alex and Liarokapis, Minas},
  year = {2023},
  journal = {Big data \& society},
  volume = {10},
  number = {1},
  publisher = {SAGE Publications},
  address = {London, England},
  issn = {2053-9517},
  doi = {10.1177/20539517231180583},
  abstract = {Technological imaginaries have been increasingly shaping the future perceptions of cities. From artificial intelligence and distributed ledger technology to three-dimensional printing, high-tech artifacts are very often the premises of such imaginaries. However, technology does not only refer to artifacts. Technology also encompasses the processes around the artifacts: how the artifacts are designed, manufactured, used, maintained, and disposed. From this perspective, high-tech visions often disregard problems that pertain to resource extraction, labor exploitation, energy use, and material flows. On the contrary, low-tech and localized alternatives incite lower impact and higher resilience visions. However, they fail to offer solutions of the desired scale and intensity. To address this tension, we provide an alternative vision for mid-tech: a balance between the opposite extreme qualities of low-tech and high-tech. Through a case of open-source prosthetics, we illustrate how to synergistically combine the efficiency and versatility of high-tech solutions with the potential for autonomy and resilience that low-tech offers. Then we discuss a mid-tech approach for distributed ledger technology from a city as a license lens. We provide connections with existing or conceptual applications to show how distributed ledger technology could support more socially and ecologically responsible data practices for city governance.},
  langid = {english},
  keywords = {Low-Tech},
  file = {C:\Users\dogan\Zotero\storage\APH9AE79\Kostakis et al. - 2023 - Beyond high-tech versus low-tech A tentative fram.pdf}
}

@misc{laurentguilloEtudeEvolutionBase2023,
  title = {Etude Sur l'{\'e}volution de La Base {{BIBLIO}} ({{Bibliographie}} de La Musique Fran{\c c}aise Des {{XVIIe}} et {{XVIIIe}} Si{\`e}cles).},
  author = {{Laurent Guillo}},
  year = {2023},
  month = may,
  publisher = {Centre de Musique Baroque de Versailles},
  collaborator = {{Camille Cellier} and {Julien Charbey} and {B{\'e}n{\'e}dicte Hertz} and {Barbara Nestola} and {Caroline Toublanc} and {Viviane Niaux}},
  keywords = {Source-primaire}
}

@misc{laurentguilloListeSuiviBase2019,
  title = {{Liste de suivi des base de donn{\'e}es JLB et EZPublish}},
  author = {{Laurent Guillo}},
  year = {2019/2024},
  langid = {fre},
  keywords = {Source-primaire},
  file = {C:\Users\dogan\Documents\Mémoire\Guillo - Suivi bases Philidor 2019-2024.pdf}
}

@techreport{laurentguilloRapportMigrationAnciennes2022,
  title = {{Rapport de migration des anciennes bases JLB et EZPUBLISH vers une base unique sous MySQL}},
  author = {{Laurent Guillo} and {Philippe Ravier}},
  year = {2022},
  month = apr,
  pages = {19 p.},
  address = {Versailles},
  institution = {Centre de Musique Baroque de Versailles},
  langid = {fre},
  keywords = {Source-primaire},
  file = {C:\Users\dogan\Documents\Mémoire\PHASE MYSQL - Spécifications et divers\Rapport de migration JLB + EZP + EXCEL vers Philidor4.pdf}
}

@article{lebasApprochesLowtechInnovation2024,
  title = {{Les approches <<~low-tech~>> de l'innovation: une analyse critique des narratifs}},
  shorttitle = {{Les approches <<~low-tech~>> de l'innovation}},
  author = {Le Bas, Christian},
  year = {2024},
  journal = {Revue d'{\'e}conomie industrielle},
  number = {186},
  pages = {175--197},
  publisher = {Revue d'{\'e}conomie industrielle},
  issn = {0154-3229},
  doi = {10.4000/12lpn},
  abstract = {IntroductionDe r{\'e}cents discours et {\'e}crits sur la n{\'e}cessaire sobri{\'e}t{\'e}, la transition {\'e}nerg{\'e}tique et la formulation de trajectoires de croissance plus durables, ont mis en avant l'importance strat{\'e}gique des technologies durables (Bourg et Papaux, 2010) parmi lesquelles les technologies low-tech se sont impos{\'e}es dans les pratiques et les narratifs. Cette perspective low-tech de l'innovation a donn{\'e} lieu {\`a} un bourgeonnement (mais assez franco-fran{\c c}ais) de papiers et de rapports (pour un premier ...},
  langid = {fre},
  keywords = {Low-Tech}
}

@article{maisonneuveLogicielsPourBibliotheques2021,
  title = {{Logiciels pour biblioth{\`e}ques : petite progression}},
  shorttitle = {{Logiciels pour biblioth{\`e}ques}},
  author = {Maisonneuve, Marc and Asselin, Emmanuelle},
  year = {2021},
  journal = {Archimag},
  volume = {342},
  number = {2},
  pages = {34--40},
  publisher = {Serda Archimag},
  issn = {2260-166X},
  doi = {10.3917/arma.342.0034},
  urldate = {2025-08-19},
  langid = {french},
  keywords = {Informatique-en-bibli},
  file = {C:\Users\dogan\Zotero\storage\PEJXLJT2\magazine-archimag-2021-2-page-34.html}
}

@misc{marcolocascioMigrationBaseDonnees2024,
  title = {{Migration de la base de donn{\'e}es Bibliographique}},
  author = {{Marco Lo Cascio}},
  year = {2024},
  langid = {fre},
  keywords = {Source-primaire}
}

@misc{marcolocascioMigrationBaseDonnees2024a,
  title = {{Migration de la base de donn{\'e}es Bibliographique - Comit{\'e} de pilotage}},
  author = {{Marco Lo Cascio}},
  year = {2024},
  month = oct,
  langid = {fre},
  keywords = {Source-primaire}
}

@incollection{martinoArtistesProducteursStreaming2019,
  title = {{Artistes, producteurs et streaming : R{\'e}flexions juridiques sur le partage de la valeur issue de~l'exploitation streaming des enregistrements musicaux}},
  shorttitle = {{Artistes, producteurs et streaming}},
  booktitle = {{Droit, musique et num{\'e}rique : Consid{\'e}rations crois{\'e}es}},
  author = {Martino, Geoffray},
  editor = {Signorile, Patricia},
  year = {2019},
  series = {{Inter-normes}},
  pages = {51--68},
  publisher = {Presses universitaires d'Aix-Marseille},
  address = {Aix-en-Provence},
  doi = {10.4000/books.puam.5910},
  urldate = {2025-08-10},
  copyright = {https://www.openedition.org/12554},
  isbn = {978-2-7314-1219-2},
  langid = {french},
  keywords = {Droit}
}

@misc{mdupondVitaliRosatiMarcello20162020,
  type = {{Billet}},
  title = {{Vitali-Rosati, Marcello (2016), << Qu'est-ce que l'{\'e}ditorialisation ? >>. Sens public.}},
  shorttitle = {{Vitali-Rosati, Marcello (2016), << Qu'est-ce que l'{\'e}ditorialisation ?}},
  author = {{mdupond}},
  year = {2020},
  month = jun,
  journal = {Le carnet du Guichet},
  issn = {2726-0143},
  doi = {10.58079/ox5q},
  urldate = {2025-08-04},
  abstract = {par Clarisse Fremeau (Juin 2020) ~~~~~~~~~~~ Cet article pr{\'e}sente les r{\'e}sultats de huit ans de travail sur le concept d'{\'e}ditorialisation, obtenus dans le cadre du s{\'e}minaire international << {\'E}critures num{\'e}riques et {\'e}ditorialisation >> coorganis{\'e}...},
  langid = {french},
  keywords = {Edition}
}

@misc{mertzGuidePratiqueTechniques1989,
  title = {{Guide pratique des techniques documentaires}},
  author = {Mertz, Laurence},
  year = {1989},
  month = jan,
  urldate = {2025-07-26},
  url = {https://bbf.enssib.fr/consulter/bbf-1989-05-0474-004},
  langid = {french},
  keywords = {Informatique-en-bibli},
  file = {C:\Users\dogan\Zotero\storage\UAIHDEKL\bbf-1989-05-0474-004.html}
}

@incollection{mesguichContexteEnjeux2017,
  title = {{1. Le contexte et les enjeux}},
  booktitle = {{Biblioth{\`e}ques}},
  author = {Mesguich, V{\'e}ronique},
  year = {2017},
  pages = {11--23},
  publisher = {{\'E}ditions du Cercle de la Librairie},
  urldate = {2025-08-21},
  chapter = {{\'E}conomie},
  isbn = {9782765415213},
  langid = {french},
  keywords = {Informatique-en-bibli},
  file = {C:\Users\dogan\Zotero\storage\ISBKM47X\bibliotheques-le-web-est-a-vous--9782765415213-page-11.html}
}

@article{meyerExperimenterRendreDesirables2022,
  title = {{Exp{\'e}rimenter et rendre d{\'e}sirables les low tech: Une pragmatique de la documentation}},
  shorttitle = {{Exp{\'e}rimenter et rendre d{\'e}sirables les low tech}},
  author = {Meyer, Morgan},
  year = {2022},
  journal = {R{\'e}seaux (Centre national d'{\'e}tudes des t{\'e}l{\'e}communications (France))},
  volume = {N{$^\circ$} 235},
  number = {5},
  pages = {219--249},
  issn = {0751-7971},
  doi = {10.3917/res.235.0219},
  abstract = {Comment est-ce que les low tech sont exp{\'e}riment{\'e}es et comment sont-elles document{\'e}es~? Bas{\'e} sur une {\'e}tude de cas du Low-tech Lab, cet article montre que la documentation peut mobiliser diff{\'e}rentes pratiques et diff{\'e}rents formats~: des tutoriels qui pr{\'e}sentent des <<~recettes~>> pour construire des low tech soi-m{\^e}me, des rapports qui {\'e}valuent des exp{\'e}rimentations de mani{\`e}re scientifique et des vid{\'e}os qui mettent en sc{\`e}ne les low tech comme acteurs cl{\'e}s dans des modes de vie {\'e}cologiques et dans des aventures modernes. L'article montre que les documents ne documentent pas seulement la mani{\`e}re dont les low tech sont exp{\'e}riment{\'e}es, mais qu'ils essaient {\'e}galement de d{\'e}montrer qu'elles ont leur place au sein de notre quotidien. Il d{\'e}crit comment des technologies litt{\'e}raires sont combin{\'e}es {\`a} des technologies d'affect, positionnant ainsi les low tech comme {\`a} la fois faisables, fonctionnels et d{\'e}sirables. Compar{\'e}e {\`a} la documentation scientifique et technique, qui d{\'e}crit un monde technologique purifi{\'e} d'{\'e}motions, o{\`u} priment les accomplissements, la reproductibilit{\'e} et le s{\'e}rieux, la documentation des low tech montre l'imbrication des technologies dans un monde plein d'{\'e}motions, d'humour, d'incertitude et d'ouverture.},
  langid = {fre},
  keywords = {Low-Tech}
}

@misc{michelbenoitDocumentationTechniqueBibliographique1997,
  title = {{Documentation technique et bibliographique des projets PHILIDOR1 {\`a} PHILIDOR3}},
  author = {{Michel, Beno{\^i}t} and {Daveluy, Corinne} and {Berton-Blivet, Nathalie} and {Crublet, J{\'e}r{\'e}my}},
  year = {1997/2022},
  publisher = {CMBV - Atelier d'{\'e}tudes},
  abstract = {Fichiers techniques et bibliographiques ayant servi {\`a} la conception et {\`a} la saisie dans le syst{\`e}me JLB pour les bases des projets PHILIDOR1 {\`a} PHILIDOR3.},
  langid = {fre},
  keywords = {Source-primaire}
}

@article{novaLowtechNumeriqueAux2020,
  title = {{Du low-tech num{\'e}rique aux num{\'e}riques situ{\'e}s}},
  author = {Nova, Nicolas and Roussilhe, Gauthier},
  year = {2020},
  journal = {Sciences du Design},
  volume = {11},
  number = {1},
  pages = {91--101},
  publisher = {Presses Universitaires de France},
  issn = {2428-3711},
  doi = {10.3917/sdd.011.0091},
  abstract = {En partant de l'injonction paradoxale de concilier transition num{\'e}rique et {\'e}cologique, cet article d{\'e}crit comment les enjeux actuels de la crise environnementale d{\'e}bouchent sur la notion de design num{\'e}rique <<~low-tech~>>. Sur la base d'une s{\'e}rie de projets couramment mobilis{\'e}s par les acteurs du design num{\'e}rique -- dans des domaines aussi divers que le jeu vid{\'e}o, la cr{\'e}ation de sites web visant {\`a} minimiser les {\'e}missions de carbone, la conception de machines recycl{\'e}es ou de m{\'e}dias dits zombies -- nous proposons une critique de cette expression. Nous en tirons la notion de <<~num{\'e}riques situ{\'e}s~>>, afin de d{\'e}passer les {\'e}cueils et apories de cette sobri{\'e}t{\'e} num{\'e}rique mal d{\'e}finie et au fond polys{\'e}mique.},
  isbn = {9782130823742},
  langid = {fre},
  keywords = {Low-Tech},
  file = {C:\Users\dogan\Zotero\storage\YDTEPCKD\Nova et Roussilhe - 2020 - Du low-tech numérique aux numériques situés.pdf}
}

@misc{OmekaDataVisualization,
  title = {Omeka {{S}} - {{Data Visualization}}},
  urldate = {2025-08-10},
  url = {https://omeka.org/s/modules/Datavis/},
  keywords = {Informatique-en-bibli},
  file = {C:\Users\dogan\Zotero\storage\A6P8GQ66\Datavis.html}
}

@misc{OmekaItemImporter,
  title = {Omeka {{S Item Importer}} - {{Omeka S User Manual}}},
  urldate = {2025-08-10},
  url = {https://omeka.org/s/docs/user-manual/modules/ositemimporter/},
  keywords = {Informatique-en-bibli},
  file = {C:\Users\dogan\Zotero\storage\HE83QHV7\ositemimporter.html}
}

@misc{OmekaProject,
  title = {Omeka - {{Project}}},
  urldate = {2025-08-10},
  url = {https://omeka.org/about/project/},
  keywords = {Informatique-en-bibli},
  file = {C:\Users\dogan\Zotero\storage\PYZ9VYCE\project.html}
}

@book{otooleSustainableWebEcosystem2013,
  title = {Sustainable {{Web Ecosystem Design}}},
  author = {O'Toole, Greg},
  year = {2013},
  series = {{{SpringerBriefs}} in {{Computer Science}}},
  edition = {2013},
  publisher = {Springer},
  address = {New York, NY},
  issn = {2191-5768},
  doi = {10.1007/978-1-4614-7714-3},
  abstract = {This book is about the process of creating web-based systems (i.e., websites, content, etc.) that consider each of the parts, the modules, the organisms - binary or otherwise - that make up a balanced, sustainable web ecosystem. In the current media-rich environment, a website is more than a collection of relative html documents of text and images on a static desktop computer monitor. There is now an unlimited combination of screens, devices, platforms, browsers, locations, versions, users, and exabytes of data with which to interact. Written in a highly approachable, practical style, this book is useful for stakeholders, system administrators, developers, designers, content managers, and the anonymous web user in industry, as well as faculty, staff, and students of all levels involved in teaching and learning in information technology.},
  isbn = {978-1-4614-7713-6},
  langid = {english},
  keywords = {Eco-conception}
}

@article{owensGoingNoTechLowTech2019,
  title = {Going {{No-Tech}}, {{Low-Tech}}, and {{High-Tech}}: {{Interactive Library Spaces}} as {{Passive Outreach}}},
  shorttitle = {Going {{No-Tech}}, {{Low-Tech}}, and {{High-Tech}}},
  author = {Owens, Tammi M.},
  year = {2019},
  journal = {Reference and user services quarterly},
  volume = {59},
  number = {1},
  pages = {17--22},
  publisher = {American Library Association},
  issn = {1094-9054},
  doi = {10.5860/rusq.59.1.7221},
  langid = {english},
  keywords = {Low-Tech},
  file = {C:\Users\dogan\Zotero\storage\NZ565IJE\Owens - 2019 - Going No-Tech, Low-Tech, and High-Tech Interactiv.pdf}
}

@misc{petitFormationDoctoraleOmeka2022,
  type = {Doctoral},
  title = {Formation Doctorale {{Omeka S}}},
  author = {Petit, Maximilien and {de Moura}, Michel and Pellerin, Karine},
  year = {2022},
  month = apr,
  publisher = {Universit{\'e} de Versailles -- Saint-Quentin-en-Yvelines},
  address = {France},
  urldate = {2025-08-06},
  abstract = {Documentation p{\'e}dagogique de la formation doctorale d{\'e}di{\'e}e {\`a} Omeka S et assur{\'e}e le 25/04/2022 par Maximilien Petit (CHCSC), Michel De Moura (DBIST UVSQ) et Karine Pellerin (DBIST UVSQ). Les formations doctorales de la DBIST UVSQ sont assur{\'e}es en coordination avec le r{\'e}seau des biblioth{\`e}ques Paris-Saclay, et coordonn{\'e}es par une repr{\'e}sentante de la DBIST (Claire Lebreton) et une repr{\'e}sentante de la DiBISO Paris-Saclay. Les contenus de la documentation p{\'e}dagogique : pr{\'e}sentation, installation et interface de l'outil Omeka S, avec notamment une d{\'e}couverte de diff{\'e}rentes fonctionnalit{\'e}s (contenus, m{\'e}dias, collections, vocabulaires, mod{\`e}les de ressources, gestion des utilisateurs, t{\^a}ches, param{\`e}tres et fichiers). Dans cette documentation, nous ajoutons {\'e}galement des TP afin de construire un catalogue de notices bibliographiques Omeka S sur une formation de trois heures. Documentation r{\'e}dig{\'e}e et utilis{\'e}e en 2022 : les indications et modules fonctionnent avec une instance Omeka S version 3.2.0. Les modules concern{\'e}s par la documentation : CSV Import (2.2.1), Easy Install (3.3.5), Mapping (1.4.1), Metadata Browse (1.4.0), Sharing (1.2.0), Timeline (3.4.14.3), Zotero Import (1.2.0).},
  keywords = {Informatique-en-bibli},
  file = {C:\Users\dogan\Zotero\storage\QUXRKVN6\Petit et al. - 2022 - Formation doctorale Omeka S.pdf}
}

@book{pierretMusiqueBibliotheque2012,
  title = {{Musique en biblioth{\`e}que}},
  author = {Pierret, Gilles},
  year = {2012},
  series = {{Biblioth{\`e}ques}},
  publisher = {{\'E}ditions du Cercle de la Librairie},
  issn = {0184-0886},
  abstract = {La musique en biblioth{\`e}que a-t-elle encore un avenir~? La question, qui aurait sans doute parue incongrue voici dix ans, pourrait para{\^i}tre provocatrice. Pourtant, les biblioth{\`e}ques musicales publiques, touch{\'e}es de plein fouet par l'{\'e}volution des modes d'{\'e}coute, de diffusion et de cr{\'e}ation de la musique, connaissent bel et bien une <<~crise~>>, qui est aussi celle du disque, support dont la d{\'e}saffection semble devenue inexorable depuis la derni{\`e}re d{\'e}cennie. Cette crise, qui se manifeste par un d{\'e}clin du pr{\^e}t et du nombre des usagers est cependant plus celle d'un mod{\`e}le -- celui de la discoth{\`e}que de pr{\^e}t -- que celui de la musique en elle-m{\^e}me~: la pratique musicale est, dans le domaine du spectacle vivant, l'activit{\'e} culturelle la plus d{\'e}velopp{\'e}e (dix millions de personnes en France), et on n'a jamais {\'e}cout{\'e} autant de musique qu'aujourd'hui{\dots}Le challenge des professionnels est bien de r{\'e}soudre ce paradoxe en pensant autrement la place de la musique dans la biblioth{\`e}que, en r{\'e}fl{\'e}chissant {\`a} de nouvelles missions, {\`a} de nouveaux services plus en phase avec l'{\'e}volution des go{\^u}ts et des pratiques des usagers. La t{\^a}che est difficile, mais les biblioth{\'e}caires musicaux ont pris la question {\`a} bras le corps en travaillant {\`a} l'{\'e}laboration progressive d'un mod{\`e}le alternatif~: place croissante d{\'e}di{\'e}e {\`a} la musique vivante, implication dans les <<~sc{\`e}nes locales~>>, d{\'e}veloppement des activit{\'e}s de m{\'e}diation, offres de musique num{\'e}rique, cr{\'e}ation de blogs, participation active aux r{\'e}seaux sociaux{\dots}Cette probl{\'e}matique propre aux biblioth{\`e}ques publiques touche aussi {\`a} leur mani{\`e}re les biblioth{\`e}ques sp{\'e}cialis{\'e}es, qui se posent, dans leurs domaines, les m{\^e}mes interrogations, comme en t{\'e}moigne l'ouverture des biblioth{\`e}ques de conservatoire, l'{\'e}volution des outils biblioth{\'e}conomiques, la g{\'e}n{\'e}ralisation des ressources documentaires en ligne ou les pr{\'e}occupations li{\'e}es {\`a} la conservation et {\`a} la valorisation du patrimoine sonore enregistr{\'e}.},
  isbn = {978-2-7654-1360-8},
  langid = {fre},
  keywords = {Musicologie}
}

@misc{PlaquettePMB,
  title = {Plaquette {{PMB}}},
  urldate = {2025-08-19},
  keywords = {Informatique-en-bibli},
  file = {C:\Users\dogan\Zotero\storage\63UZEY2U\ajax.pdf}
}

@misc{PlaquettePMBServices,
  title = {Plaquette {{PMB Services}}},
  urldate = {2025-08-19},
  keywords = {Informatique-en-bibli},
  file = {C:\Users\dogan\Zotero\storage\SRTB44II\ajax.pdf}
}

@misc{PolifoniaProjetRecherche2022,
  title = {{Inria | Polifonia, le projet de recherche qui explore le patrimoine musical europ{\'e}en}},
  year = {2022},
  month = jun,
  urldate = {2025-08-09},
  url = {https://www.inria.fr/fr/polifonia-le-projet-de-recherche-qui-explore-le-patrimoine-musical-europeen},
  langid = {french},
  keywords = {Informatique-en-bibli},
  file = {C:\Users\dogan\Zotero\storage\WAGS724W\polifonia-le-projet-de-recherche-qui-explore-le-patrimoine-musical-europeen.html}
}

@book{poucholMutualiserPratiquesDocumentaires2016,
  title = {{Mutualiser les pratiques documentaires : Biblioth{\'e}ques en r{\'e}seau}},
  shorttitle = {{Mutualiser les pratiques documentaires}},
  editor = {Pouchol, J{\'e}r{\^o}me},
  year = {2016},
  journal = {Mutualiser les pratiques documentaires : Biblioth{\'e}ques en r{\'e}seau},
  series = {{La Bo{\^i}te {\`a} outils}},
  publisher = {Presses de l'enssib},
  address = {Villeurbanne},
  urldate = {2025-07-26},
  abstract = {Dans un contexte marqu{\'e} par des mutations profondes et acc{\'e}l{\'e}r{\'e}es du paysage culturel institutionnel, les acteurs des biblioth{\`e}ques et de la documentation sont incit{\'e}s {\`a} repenser l'organisation de leurs activit{\'e}s dans un cadre et un esprit plus transversaux et mutualistes. En mati{\`e}re de pratiques documentaires, cet imp{\'e}ratif de mise en commun, parfois facteur de tensions dans la restructuration n{\'e}cessaire des {\'e}tablissements, offre aussi aux professionnels une opportunit{\'e} pour renouveler leur environnement et leurs m{\'e}thodes de travail. Trois axes seront ici appr{\'e}hend{\'e}s, dans des r{\'e}alit{\'e}s d'organisation et niveaux d'{\'e}laboration tr{\`e}s divers~: mutualiser en r{\'e}seau d'{\'e}tablissements~; mutualiser en partage de contenus~; mutualiser en communaut{\'e} d'acteurs.},
  copyright = {https://www.openedition.org/12554},
  isbn = {978-2-37546-092-4},
  langid = {french},
  keywords = {Informatique-en-bibli}
}

@misc{PublicationsNumeriquesScientifiques,
  title = {{Centre de musique baroque de Versailles | Les publications num{\'e}riques scientifiques du CMBV}},
  journal = {Centre de musique baroque de Versailles},
  urldate = {2025-07-26},
  abstract = {D{\'e}couvrez l'ensemble des publications num{\'e}riques scientifiques du Centre de musique baroque de Versailles disponible sur le portail Philidor},
  url = {https://cmbv.fr/fr/ressources/ressources-numeriques/publications-numeriques},
  langid = {french},
  keywords = {CMBV},
  file = {C:\Users\dogan\Zotero\storage\C3VYJDHG\publications-numeriques.html}
}

@article{remizeCD64DonneesPleines2024,
  title = {{CD64 : des donn{\'e}es pleines de ressources}},
  shorttitle = {{CD64}},
  author = {Remize, Michel},
  year = {2024},
  month = sep,
  journal = {Archimag},
  volume = {377},
  number = {7},
  pages = {22--22},
  publisher = {Serda Archimag},
  issn = {2260-166X},
  doi = {10.3917/arma.377.0022},
  urldate = {2025-08-22},
  langid = {french},
  keywords = {Informatique-en-bibli}
}

@article{remizeDataGouvernancePrenez2024,
  title = {{Data gouvernance : prenez le pouvoir sur vos donn{\'e}es !}},
  shorttitle = {{Data gouvernance}},
  author = {Remize, Michel},
  year = {2024},
  month = sep,
  journal = {Archimag},
  volume = {377},
  number = {7},
  pages = {12--15},
  publisher = {Serda Archimag},
  issn = {2260-166X},
  doi = {10.3917/arma.377.0012},
  urldate = {2025-08-22},
  langid = {french},
  keywords = {Informatique-en-bibli},
  file = {C:\Users\dogan\Zotero\storage\SXV8U7F6\magazine-archimag-2024-7-page-12.html}
}

@article{remizeEditeursAccompagnentRapprochements2018,
  title = {{Les {\'e}diteurs accompagnent les rapprochements}},
  author = {Remize, Michel},
  year = {2018},
  journal = {Archimag},
  volume = {320},
  number = {10},
  pages = {18--18},
  publisher = {Serda Archimag},
  issn = {2260-166X},
  doi = {10.3917/arma.320.0018},
  urldate = {2025-08-19},
  langid = {french},
  keywords = {Informatique-en-bibli},
  file = {C:\Users\dogan\Zotero\storage\38NFK7N3\magazine-archimag-2018-10-page-18.html}
}

@article{remizeMethodePointsCles2024,
  title = {{M{\'e}thode : les 7 points cl{\'e}s de la data gouvernance}},
  shorttitle = {{M{\'e}thode}},
  author = {Remize, Michel},
  year = {2024},
  month = sep,
  journal = {Archimag},
  volume = {377},
  number = {7},
  pages = {16--18},
  publisher = {Serda Archimag},
  issn = {2260-166X},
  doi = {10.3917/arma.377.0016},
  urldate = {2025-08-22},
  langid = {french},
  keywords = {Informatique-en-bibli},
  file = {C:\Users\dogan\Zotero\storage\SEFLEP52\magazine-archimag-2024-7-page-16.html}
}

@article{remizeOutilsDataManagement2024,
  title = {{Les outils du data management}},
  author = {Remize, Michel},
  year = {2024},
  month = sep,
  journal = {Archimag},
  volume = {377},
  number = {7},
  pages = {19--20},
  publisher = {Serda Archimag},
  issn = {2260-166X},
  doi = {10.3917/arma.377.0019},
  urldate = {2025-08-22},
  langid = {french},
  keywords = {Technologies}
}

@misc{ResourceTemplatesOmeka,
  title = {Resource {{Templates}} - {{Omeka S User Manual}}},
  urldate = {2025-08-10},
  url = {https://omeka.org/s/docs/user-manual/content/resource-template/},
  keywords = {Informatique-en-bibli},
  file = {C:\Users\dogan\Zotero\storage\XGQLW73R\resource-template.html}
}

@misc{RessourcesNumeriquesCentre,
  title = {{Centre de musique baroque de Versailles | Les Ressources num{\'e}riques}},
  journal = {Centre de musique baroque de Versailles},
  urldate = {2025-08-10},
  abstract = {Philidor est le portail num{\'e}rique des ressources scientifiques du CMBV. Il s'adresse aux chercheurs et {\'e}tudiants de diff{\'e}rentes disciplines (musicologie, histoire, lettres, arts de la sc{\`e}ne{\dots} ), aux musiciens et au public int{\'e}ress{\'e}s par ces probl{\'e}matiques.},
  url = {https://cmbv.fr/fr/ressources/ressources-numeriques/},
  langid = {french},
  keywords = {CMBV},
  file = {C:\Users\dogan\Zotero\storage\77HPDF7G\ressources-numeriques.html}
}

@misc{RessourcesNumeriquesMusique,
  title = {{BnF - Site institutionnel | Ressources num{\'e}riques -- Musique}},
  journal = {BnF - Site institutionnel},
  urldate = {2025-07-26},
  abstract = {BnF - Site institutionnel},
  url = {https://www.bnf.fr/fr/ressources-numeriques-musique},
  langid = {french},
  keywords = {Informatique-en-bibli}
}

@misc{RESTAPIOmeka,
  title = {{{REST API}} - {{Omeka S Developer Documentation}}},
  urldate = {2025-08-10},
  url = {https://omeka.org/s/docs/developer/api/rest\_api/},
  keywords = {Informatique-en-bibli},
  file = {C:\Users\dogan\Zotero\storage\ABLVY9HI\rest_api.html}
}

@misc{RestructurationBasesDonnees,
  title = {{Centre de musique baroque de Versailles | Restructuration des bases de donn{\'e}es scientifiques du CMBV}},
  journal = {Centre de musique baroque de Versailles},
  urldate = {2025-08-10},
  abstract = {Depuis 2019, Laurent\&nbsp;Guillo travaille {\`a} la restructuration des bases de donn{\'e}es scientifiques du CMBV. D'une part, environ 80 des bases de donn{\'e}es ({\oe}uvres, sources, {\'e}v{\'e}nements, personnes) cr{\'e}es avec l'outil JLB-NET sont fusionn{\'e}es dans une base unique construite sous MySQL (environ 85.000 notices). D'autre part de nouvelles bases de donn{\'e}es enrichies sont cr{\'e}{\'e}es avec l'outil OMEKA-S, pour publier des documents int{\'e}ressant {\`a} la fois les musiciens et les chercheurs (livrets, partitions, images, autres documents, costumes{\dots}). Deux autres projets importants sont {\`a} l'{\'e}tude\&nbsp;: le passage {\'e}ventuel de la base BIBLIO sous l'outil PMB, et une nouvelle interface web de recherche pour le site MUSEFREM. \&nbsp; A consulter sur OMEKA-S :\&nbsp; Tours-Deslauriers Acad{\'e}mie royale de musique LADDA},
  url = {https://cmbv.fr/fr/tous-les-projets/restructuration-des-bases-de-donnees-scientifiques-du-cmbv},
  langid = {french},
  keywords = {CMBV},
  file = {C:\Users\dogan\Zotero\storage\BLFS42XR\restructuration-des-bases-de-donnees-scientifiques-du-cmbv.html}
}

@article{richardDansBoiteNoire2018a,
  title = {{Dans la bo{\^i}te noire des algorithmes:Comment nous nous sommes rendus calculables}},
  shorttitle = {{Dans la bo{\^i}te noire des algorithmes}},
  author = {Richard, Claire},
  year = {2018},
  month = oct,
  journal = {Revue du Crieur},
  volume = {11},
  number = {3},
  pages = {68--85},
  publisher = {La D{\'e}couverte},
  issn = {2428-4068},
  doi = {10.3917/crieu.011.0068},
  urldate = {2025-07-09},
  langid = {french},
  keywords = {Technologies}
}

@misc{RISMProjectHistory,
  title = {{{RISM}} - {{Project History}}},
  journal = {R{\'e}pertoire International des Sources Musicales},
  urldate = {2025-07-26},
  abstract = {R{\'e}pertoire International des Sources Musicales -- The organization, founded in Paris in 1952, is the largest and only global operation that documents written musical sources.},
  url = {https://rism.info/organization/project-history.html},
  keywords = {Informatique-en-bibli},
  file = {C:\Users\dogan\Zotero\storage\TZINCPTP\project-history.html}
}

@article{rosenthalFormatObsolescenceAssessing2010,
  title = {Format Obsolescence: Assessing the Threat and the Defenses: {{Technology}} and Digital Preservation},
  shorttitle = {Format Obsolescence},
  author = {ROSENTHAL, David S. H.},
  year = {2010},
  journal = {Library hi tech},
  volume = {28},
  number = {2},
  pages = {195--210},
  publisher = {Emerald},
  address = {Bingley},
  issn = {0737-8831},
  langid = {english},
  keywords = {Informatique-en-bibli,Technologies}
}

@article{saenzKnowledgeSharingInnovation2009,
  title = {Knowledge Sharing and Innovation Performance: {{A}} Comparison between High-tech and Low-tech Companies},
  shorttitle = {Knowledge Sharing and Innovation Performance},
  author = {S{\'a}enz, Josune and Aramburu, Nekane and Rivera, Olga},
  year = {2009},
  journal = {Journal of intellectual capital},
  volume = {10},
  number = {1},
  pages = {22--36},
  publisher = {Emerald Group Publishing Limited},
  address = {Bradford},
  issn = {1469-1930},
  doi = {10.1108/14691930910922879},
  abstract = {The aim of this paper is to test empirically the degree of influence of different knowledge-sharing mechanisms on the innovation capability of firms, as well as to analyse the degree of relevance of each innovation capability dimension to value creation. Additionally, the role of technology intensity as a moderator variable of the aforementioned relationships is examined. An ad hoc questionnaire was designed and addressed to the CEOs of the companies making up the target population of the research (Spanish manufacturing firms with more than 50 employees and R\&D activities). Structural equation modeling (SEM) based on partial least squares (PLS) was then applied in order to test the main hypotheses of the research. The results obtained show that knowledge sharing is a key issue in order to enhance the innovation capability of firms. Nevertheless, depending on the innovation capability dimension being considered and on the technology intensity of the firm, the type of knowledge sharing which appears to be more fruitful varies. On the other hand, technology intensity also moderates the degree of relevance of each innovation capability in value creation. The main contribution of the paper is to provide empirical evidence about the impact of knowledge sharing on innovation. Moreover, it reveals what the most effective knowledge-sharing mechanisms are for this purpose, and provides companies with a basic framework in order to shape their knowledge management strategies.},
  langid = {english},
  keywords = {Low-Tech}
}

@article{schopfelEditorialisationDonneesRecherche2020,
  title = {{{\'E}ditorialisation des donn{\'e}es de recherche : le r{\^o}le des professionnels de l'information}},
  shorttitle = {{{\'E}ditorialisation des donn{\'e}es de recherche}},
  author = {Sch{\"o}pfel, Joachim},
  year = {2020},
  month = nov,
  journal = {I2D - Information, donn{\'e}es \& documents},
  volume = {2},
  number = {2},
  pages = {82--84},
  publisher = {A.D.B.S.},
  issn = {2428-2111},
  doi = {10.3917/i2d.202.0082},
  urldate = {2025-08-29},
  langid = {french},
  keywords = {Edition}
}

@article{schopfelPratiquesEditorialesDans2020,
  title = {{Pratiques {\'e}ditoriales:Dans les m{\'e}tiers et services de l'information-documentation}},
  shorttitle = {{Pratiques {\'e}ditoriales}},
  author = {Sch{\"o}pfel, Joachim and Broudoux, {\'E}velyne},
  year = {2020},
  month = nov,
  journal = {I2D - Information, donn{\'e}es \& documents},
  volume = {2},
  number = {2},
  pages = {8--14},
  publisher = {A.D.B.S.},
  issn = {2428-2111},
  doi = {10.3917/i2d.202.0008},
  urldate = {2025-08-29},
  chapter = {Info, Communication},
  langid = {french},
  keywords = {Edition}
}

@misc{servicesApplyFRBRModel,
  title = {Services, P. M. B. | Apply the {{FRBR}} Model with {{PMB}} !},
  journal = {Services, P. M. B.},
  urldate = {2025-08-19},
  abstract = {For many years, the software PMB is continuously evolving to fully integrate the FRBR model. First catalogs modeling with FRBR are appearing. With new rules of RDA cataloging, the FRBR model has become the reference!},
  url = {https://www.sigb.net/./index.php?lvl=cmspage\&pageid=0\&=141},
  langid = {english},
  keywords = {Informatique-en-bibli},
  file = {C:\Users\dogan\Zotero\storage\P9R8TNDB\index.html}
}

@misc{servicesGerezVosPartitions,
  title = {{Services, P. M. B. | G{\'e}rez vos partitions avec PMB !}},
  journal = {Services, P. M. B.},
  urldate = {2025-08-19},
  abstract = {PMB Services a d\&eacute;velopp\&eacute;, dans PMB, toute la gestion sp\&eacute;cifique des partitions musicales et du mat\&eacute;riel d'orchestre en int\&eacute;grant un module de gestion des nomenclatures.},
  url = {https://www.sigb.net/./index.php?lvl=cmspage\&pageid=0\&=149},
  langid = {french},
  keywords = {Informatique-en-bibli},
  file = {C:\Users\dogan\Zotero\storage\NDITS3MI\index.html}
}

@article{simonetIntroduction2016,
  title = {{Introduction}},
  author = {Simonet, Fr{\'e}d{\'e}ric},
  year = {2016},
  journal = {Information et strat{\'e}gie},
  pages = {9--17},
  publisher = {De Boeck Sup{\'e}rieur},
  urldate = {2025-08-31},
  isbn = {9782807302136},
  langid = {french},
  keywords = {Technologies}
}

@incollection{sinatraIntroduction2014,
  title = {{Introduction}},
  booktitle = {{Pratiques de l'{\'e}dition num{\'e}rique}},
  author = {Sinatra, Michael E. and {Vitali-Rosati}, Marcello},
  year = {2014},
  month = mar,
  publisher = {Les Ateliers de [sens public]},
  urldate = {2025-08-04},
  abstract = {L'apparition du num{\'e}rique a entra{\^i}n{\'e} ces derni{\`e}res ann{\'e}es une transformation profonde des mod{\`e}les de production et de circulation des livres, qui ont peu chang{\'e} depuis le XVIIIe si{\`e}cle. Le web, en particulier, a provoqu{\'e} une remise en question du sens m{\^e}me du partage des connaissances : d'une {\'e}conomie de la raret{\'e}, nous sommes pass{\'e}s {\`a} la surabondance. Auparavant, une poign{\'e}e d'institutions centralisatrices, priv{\'e}es et publiques, {\'e}taient garantes du choix, de l'{\'e}valuation et de la distribution des contenus ; aujourd'hui, il n'y a plus de syst{\`e}mes de l{\'e}gitimation, ou alors ils sont d{\'e}structur{\'e}s. Apr{\`e}s avoir fait le constat de la crise de ces mod{\`e}les et de la difficult{\'e} d'en proposer de nouveaux, ce livre pr{\'e}sente les enjeux et les d{\'e}fis complexes du nouveau monde de l'{\'e}dition num{\'e}rique.},
  copyright = {Creative Commons Attribution-ShareAlike 4.0 International (CC BY-SA 4.0)},
  isbn = {978-2-7606-3202-8},
  langid = {french},
  keywords = {Edition}
}

@misc{SKOSSimpleKnowledge,
  title = {{{SKOS Simple Knowledge Organization System Reference}}},
  urldate = {2025-08-21},
  url = {https://www.w3.org/TR/skos-reference/},
  keywords = {Informatique-en-bibli},
  file = {C:\Users\dogan\Zotero\storage\FXXSJ3AI\skos-reference.html}
}

@book{smithReliabilityMaintainabilityRisk2011,
  title = {Reliability, {{Maintainability}} and {{Risk}}: {{Practical Methods}} for {{Engineers Including Reliability Centred Maintenance}} and {{Safety-Related Systems}}},
  shorttitle = {Reliability, {{Maintainability}} and {{Risk}}},
  author = {Smith, David J.},
  year = {2011},
  publisher = {Elsevier Science \& Technology},
  address = {Chantilly, UNITED KINGDOM},
  urldate = {2025-07-09},
  abstract = {This book provides engineers with the safety and risk assessment tools and techniques they need to work effectively in any safety or reliability critical environment. These tools are primarily statistical. Where David SmithOCOs book succeeds is by meeting the needs of an applied audience by setting these tools in the context of the design and operation of safety related processes and systems. Now in its Eighth Edition, this is regarded as the core reference in this field, and the success of its approach is reflected in the popularity of this standard work. It deals with all aspects of reliability, safety-related systems, and the assessment and management of risk in a simple and straightforward way, pre-supposing no prior knowledge and dealing simply and realistically with numerical data by using the minimum of mathematical and technical jargon. 8th edition of this core reference for engineers who deal with the design or operation of any safety critical systems, processes or operationsAnswers the question: how can a defect that costs less than \$1000 dollars to identify at the process design stage be prevented from escalating to a \$100,000 field defect, or a \$1m+ catastropheRevised throughout, with new examples, and standards, including must have material on the new edition of global functional safety standard IEC 61508, which launches in 2010"},
  isbn = {978-0-08-096903-9},
  keywords = {Technologies},
  file = {C:\Users\dogan\Zotero\storage\Z2QIZVVA\detail.html}
}

@article{souchierChapitreNumeriqueEst2019,
  title = {{Chapitre 1. Le num{\'e}rique, c'est de l'{\'e}criture}},
  author = {Souchier, Emmanu{\"e}l and Candel, {\'E}tienne and {Gomez-Mejia}, Gustavo and {Jeanne-Perrier}, Val{\'e}rie},
  year = {2019},
  journal = {Codex},
  pages = {21--77},
  publisher = {Armand Colin},
  urldate = {2025-08-31},
  chapter = {Info, Communication},
  langid = {french},
  keywords = {Technologies}
}

@incollection{talbiInventionConceptPatrimoine2015,
  title = {{De l'invention du concept de patrimoine num{\'e}rique {\`a} la constitution d'une m{\'e}moire num{\'e}rique~: les enjeux juridiques de la construction d'une nouvelle cat{\'e}gorie patrimoniale}},
  shorttitle = {{De l'invention du concept de patrimoine num{\'e}rique {\`a} la constitution d'une m{\'e}moire num{\'e}rique}},
  booktitle = {{Des patrimoines et des normes : (Formation, pratique et perspectives)}},
  author = {Talbi, Moussa},
  editor = {Garnier, Florent and Delvit, Philippe},
  year = {2015},
  series = {{{\'E}tudes d'histoire du droit et des id{\'e}es politiques}},
  pages = {37--53},
  publisher = {Presses de l'Universit{\'e} Toulouse Capitole},
  address = {Toulouse},
  doi = {10.4000/books.putc.9944},
  urldate = {2025-08-10},
  copyright = {https://www.openedition.org/12554},
  isbn = {978-2-37928-087-0},
  langid = {french},
  keywords = {Informatique-en-bibli}
}

@article{tonellaStatisticalTestingWeb2004,
  title = {Statistical Testing of {{Web}} Applications},
  author = {Tonella, Paolo and Ricca, Filippo},
  year = {2004},
  journal = {Journal of software maintenance and evolution},
  volume = {16},
  number = {1-2},
  pages = {103--127},
  publisher = {John Wiley \& Sons, Ltd},
  address = {Chichester, UK},
  issn = {1532-060X},
  doi = {10.1002/smr.284},
  urldate = {2025-07-09},
  abstract = {The World Wide Web, initially intended as a way to publish static hypertexts on the Internet, is moving toward complex applications. Static Web sites are being gradually replaced by dynamic sites, where information is stored in databases and non-trivial computation is performed. In such a scenario, ensuring the quality of a Web application from the user's perspective is crucial. Techniques are being investigated for the analysis and testing of Web applications for such a purpose. However, a static analysis of the source code may be extremely difficult (and, in general, infeasible) because of the presence of dynamic generation of the HTML code that is part of the application under analysis. In this paper, a dynamic analysis technique is proposed for the extraction of a Web application model through its execution. Availability of statistical data about the accesses to the pages generated by the Web application is exploited for statistical testing, based on the recovered model. Test cases can be prioritized, so as to exercise the most frequently followed paths first. Moreover, statistical reproduction of the user's navigation paths allows for an estimation of the reliability of the application. Copyright {\copyright} 2004 John Wiley \& Sons, Ltd.},
  langid = {english},
  keywords = {Low-Tech}
}

@article{utomoBuildingServerlessWebsite2020,
  title = {Building {{Serverless Website}} on {{GitHub Pages}}},
  author = {Utomo, Prayudi and {Falahah}},
  year = {2020},
  journal = {IOP conference series. Materials Science and Engineering},
  volume = {879},
  number = {1},
  pages = {12077-},
  publisher = {IOP Publishing},
  address = {Bristol},
  issn = {1757-8981},
  doi = {10.1088/1757-899X/879/1/012077},
  abstract = {GitHub provides the environment for developing and publishing website in integrated environment. By GitHub Pages, we can host the static web easy, fast and free. It helps the developer for integrating development and deployment process, because GitHub Pages is integrating with GitHub environment that support continuous integration and continuous delivery, and also become a content delivery network (CDN), as a part of JAMstack building block. Unfortunately, the usage GitHub as web hosting and JAMstack as an approach for developing web is not very popular among developer in Indonesia. The purpose of this research is to show how implement the JAMstack approach on designing and building website and host it on the GitHub. The website we designed using JAMstack approach by implementing Hugo as static site generator (SSG) and GitHub as content delivery network (CDN). We also insert API for showing the easiness of integrating lots of components on JAMstack approach. We do several tests to check the quality of the website, such as functional test and performance test. The performance test results show that Google PageSpeed score is 97\% (A) and YSlow score is 91\% (A). It shows that the website can run in good performance although it connected with others services through API.},
  langid = {english},
  keywords = {Low-Tech}
}

@incollection{vestadLowtech2025,
  title = {{Low-tech}},
  booktitle = {{De Gruyter Handbook  of Digital Criminology}},
  author = {Vestad, Maja},
  year = {2025},
  publisher = {De Gruyter},
  urldate = {2025-07-09},
  abstract = {We should be careful of overstating the importance of technologies that in-spire dramatic narratives. All digital tools and practices have material counterparts, and while some may be less flashy, shiny, and indeed less captivating, they are key players in the fields that we study. This chapter discusses how high- and low-tech operates in tandem and suggests that low-tech must be taken seriously in the development of digital criminological theory.},
  isbn = {978-3-11-106193-1},
  langid = {nor},
  keywords = {Low-Tech},
  file = {C:\Users\dogan\Zotero\storage\RSJH7WB2\Vestad - 2025 - Low-tech.pdf}
}

@book{wallonDocumentationMusicologique1984,
  title = {{La documentation musicologique}},
  author = {Wallon, Simone},
  year = {1984},
  publisher = {Paris : Beauchesne},
  urldate = {2025-07-26},
  abstract = {142 pages ; 22 cm; Includes bibliographies and indexes},
  collaborator = {{Internet Archive}},
  isbn = {978-2-7010-1083-0},
  langid = {fre},
  keywords = {Musicologie}
}
